4126 5452
320 530 393 619 rto

316 712 1808 751 WUWMMWWWWMWQ

863 991 1139 1080 ELEGIA
1180 992 1265 1076 VI.

400 1312 405 1321 ·
490 1196 620 1362 Cu(
631 1303 745 1357 nrnr
764 1279 903 1374 Liber,
917 1282 1024 1376 ades3
1037 1285 1093 1357 tic
1108 1285 1158 1358 sit
1172 1284 1244 1359 tibi
1258 1284 1419 1387 mystica
1431 1284 1538 1372 vitis,

393 1494 396 1501 .
444 1488 449 1499 ·
510 1488 513 1493 -
536 1435 699 1538 Semper
711 1435 767 1511 sic
779 1434 928 1510 hedera
940 1451 1117 1538 tempora
1129 1436 1259 1510 vincta
1269 1436 1380 1510 feras.

483 1585 663 1663 'Auferet
675 1588 758 1692 ipse
770 1615 913 1677 meum,
929 1603 1059 1690 pater,
1082 1603 1123 1660 et
1137 1585 1331 1663 medicare
1348 1583 1540 1661 dolorem:

465 1820 468 1825 ,
535 1741 645 1841 Saepe
662 1758 731 1815 tuo
746 1742 891 1817 cecidit
900 1767 1064 1815 munere
1081 1739 1206 1811 rictus
1226 1743 1357 1811 Amor.

487 1890 584 1960 Care
597 1914 713 1987 puer,
732 1888 915 1960 madeant
927 1910 1115 1985 generoso
1135 1887 1277 1987 pocula
1296 1886 1470 1978 Baccho;

533 2041 574 2124 1,
587 2036 699 2109 nobis
716 2060 842 2138 prom
855 2035 978 2109 funde
996 2034 1160 2108 Falerna
1178 2061 1306 2109 manu

486 2187 547 2259 Ite
561 2182 701 2287 procul
718 2183 882 2270 durum,
900 2208 1022 2267 curae,
1040 2208 1179 2284 genus,
1198 2184 1249 2257 ite
1266 2182 1440 2276 laborem

521 2334 705 2417 ,Fulserit
716 2334 784 2409 hic
799 2334 923 2409 niveis
937 2333 1075 2407 Delius
1090 2332 1253 2407 alitibus

482 2490 564 2566 Vos
576 2488 693 2564 modo
710 2490 930 2592 proposito,
948 2486 1100 2572 dulces,
1119 2483 1294 2572 faveatis,
1310 2484 1446 2571 amici,

533 2641 642 2712 Neve
658 2658 773 2735 neget
787 2641 993 2737 quisquam
1007 2664 1071 2709 me
1088 2638 1189 2710 duce
1202 2662 1243 2708 se
1259 2636 1453 2710 comitem.

483 2787 564 2858 Aut
577 2783 608 2857 si
626 2783 714 2886 quis
729 2782 811 2856 vini
826 2808 1020 2859 certamen
1037 2783 1130 2859 mite
1146 2800 1316 2874 recusat,

533 2933 657 3006 Fallat
674 2962 766 3009 eum
786 2952 888 3010 tecto
911 2962 997 3010 cara
1014 2937 1147 3040 puella
1166 2937 1268 3012 dolo.

482 3082 555 3158 Ille
573 3082 667 3155 facit
686 3085 782 3158 dites
796 3087 945 3161 animos
958 3091 1066 3160 Deus
1079 3088 1166 3160 :ille
1176 3087 1350 3160 ferocem

533 3211 740 3325 Contudit,
755 3251 794 3307 et
811 3236 979 3310 dominae
996 3238 1098 3310 misit
1115 3239 1155 3312 in
1171 3237 1387 3310 arbitrium.

483 3382 676 3462 Armeniae
691 3383 824 3485 tigres,
844 3402 883 3456 et
898 3384 1022 3458 fulvas
1042 3387 1108 3461 ille
1124 3389 1264 3462 leaenas

530 3535 655 3622 Vicit,
674 3550 713 3609 et
730 3533 926 3608 indomitis
943 3537 1074 3610 mollia
1095 3535 1214 3612 corda
1232 3537 1350 3613 dedit

479 3685 575 3759 Haec
592 3688 730 3776 Amor,
746 3703 785 3759 et
802 3685 947 3787 majora
961 3690 1077 3783 valet5
1098 3692 1165 3766 sed
1182 3691 1327 3792 poscite
1344 3689 1482 3765 Bacchi

529 3837 706 3910 Munera.
722 3835 851 3929 Quem
866 3855 1038 3912 vestrum
1054 3841 1197 3940 pocula
1213 3840 1315 3913 sicca
1333 3838 1496 3939 juvanti

481 3986 673 4058 Convenit
688 4012 736 4059 ex
751 4012 881 4086 aequo‚
901 4012 973 4061 nec
992 4005 1123 4063 torvus
1142 3989 1258 4064 Liber
1275 3991 1316 4064 in
1332 3989 1436 4078 illos,

519 4133 611 4227 'Qui
629 4159 685 4219 se,
703 4134 851 4234 quique
866 4163 945 4207 una
960 4140 1049 4210 vina
1066 4139 1195 4234 jocosa
1211 4139 1358 4211 colunt.

477 4286 566 4360 Jam
578 4280 686 4358 venit
704 4279 821 4354 iratus
838 4279 1004 4353 nimium
1020 4283 1264 4384 nimiumque
1281 4281 1431 4359 severis.

529 4435 609 4537 Qui
629 4433 740 4525 timet
753 4433 841 4508 irati
854 4432 1016 4512 numina
1030 4461 1181 4537 magna,
1204 4435 1320 4513 bibat.
