4126 5452
917 489 1086 566 Liar-:a
1119 492 1177 565 11.

479 671 633 770 Ingeret
649 665 713 739 hio
729 690 845 769 potus
864 665 1014 771 juvenis
1035 661 1241 743 maledieta
1256 664 1418 767 puellae,

532 813 736 897 Postmodo
754 841 841 919 quae
857 818 956 892 rotie
971 817 1079 894 irritu
1094 817 1196 893 faeta
1212 816 1318 894 velit.
1435 873 1438 877 -

480 968 581 1042 Nam
593 963 700 1051 ferus
716 966 781 1042 ille
796 992 876 1045 euae
888 968 1059 1071 plorabit
1070 969 1222 1044 eohriue
1232 967 1358 1058 idem,

532 1117 640 1193 tte-se
656 1112 804 1217 jurabit
820 1132 949 1192 mente
969 1115 1087 1191 fuisse
1107 1118 1217 1193 mala.
1351 1128 1354 1133 ’
1380 1154 1382 1161 “

482 1266 589 1353 Paee.
604 1280 685 1358 tua,
699 1281 1005 1368 peremturum,
1024 1284 1263 1372 pereantque
1284 1269 1442 1372 segittae,

536 1414 703 1504 Phoebe,
722 1412 840 1491 modo
858 1414 901 1492 iu
918 1416 1028 1493 terris
1043 1435 1147 1494 erret
1162 1417 1321 1495 inermis
1339 1422 1470 1493 Amor.

484 1569 556 1653 Ars
571 1568 675 1646 hona
689 1569 777 1644 :aed
790 1586 998 1673 postquam
1012 1571 1148 1648 sumsit
1162 1571 1238 1649 eibi
1252 1570 1328 1646 tela
1342 1567 1511 1669 Cupido,

535 1721 646 1810 Heu,
665 1720 766 1814 heu,
785 1748 903 1823 quam
922 1722 1054 1796 multis
1074 1746 1134 1798 are
1151 1720 1260 1795 dedit
1279 1719 1344 1795 illa
1365 1717 1528 1794 malum!

491 1870 542 1944 Et
559 1868 657 1942 mihi
673 1867 890 1971 praecipue,
911 1869 1020 1970 jaceo
1041 1894 1133 1946 eum
1150 1867 1302 1944 saucius
1317 1877 1488 1956 'anuum,

541 2021 593 2094 Et
605 2018 719 2093 faveo
735 2019 891 2111 morho;
911 2035 988 2096 tam
1004 2018 1114 2124 juvat
1133 2021 1215 2125 ipse
1236 2020 1365 2118 dolor3
1393 2024 1396 2031 ’

490 2168 648 2272 ‚Vixque
662 2195 759 2249 cano
778 2170 979 2266 Nemesin,
994 2171 1076 2249 siue
1094 2197 1321 2275 quo-rereue
1336 2172 1434 2249 mihi
1455 2171 1585 2250 nullus

540 2319 671 2398 Verba
688 2336 834 2427 potest,
851 2322 973 2427 juetoe
989 2342 1053 2398 aut
1071 2323 1244 2427 reperire
1262 2323 1392 2429 pedes.

490 2472 594 2550 Acer
608 2476 746 2566 Amor,
766 2473 908 2552 stactae
929 2477 1099 2571 utinam,
1119 2492 1188 2550 tua
1204 2476 1300 2567 tela,
1318 2475 1468 2578 sagittas

501 2682 505 2691 .
545 2626 584 2699 Si
602 2627 714 2718 licet,
729 2629 936 2701 exstinctae
955 2625 1243 2729 adspiciamque
1262 2622 1377 2698 facee}
1415 2656 1419 2663 ¹

493 2774 556 2845 Tu
574 2772 757 2848 miserum
777 2789 951 2877 torqueo;
976 2787 1022 2848 tu
1040 2771 1216 2849 memihi
1240 2771 1328 2846 dira
1350 2774 1505 2879 precari

549 2921 679 3024 Cogis,
697 2937 736 3001 et
753 2922 887 3002 meane
906 2936 1037 3002 mente
1057 2920 1225 3001 nefanda
1244 2922 1363 3028 loqui.

495 3074 549 3147 At
569 3087 632 3160 tu,
656 3098 748 3149 nam
763 3075 910 3151 Divum
924 3092 1051 3151 servat
1074 3076 1194 3151 tutela
1217 3078 1369 3175 poeitae,

548 3222 791 3313 Praemoneo,
810 3223 888 3299 vati
902 3249 1036 3327 parce,
1054 3224 1202 3327 puelia,
1224 3249 1332 3299 sacro
1348 3256 1357 3297 ε

388 3447 390 3452 ,
503 3373 556 3449 Ut
568 3373 817 3451 Messalinum
829 3375 1042 3462 celebrem,
1068 3399 1179 3465 eum,
1195 3376 1355 3480 praemia
1376 3377 1486 3464 belli,

555 3529 658 3602 Ante
672 3550 759 3602 euos
776 3552 912 3601 ourrue
932 3522 1078 3629 oppida
1095 3524 1196 3601 ricta
1214 3524 1321 3601 feret

496 3680 613 3783 Ipse,
631 3702 769 3778 gerent
784 3677 936 3765 laurus,
955 3678 1065 3753 lauro
1083 3674 1285 3752 devinctus
1301 3678 1438 3778 agresti

556 3786 745 3914 Milesio,
763 3847 899 3924 magua
919 3847 1032 3914 voce,
1055 3825 1288 3928 Triumphe,
1314 3855 1462 3906 canam.

503 3975 605 4051 Tum
620 3975 778 4053 Messala
797 3999 907 4050 meus
928 3975 993 4079 piu
1011 3973 1079 4048 det
1095 3974 1313 4080 epeotacula
1333 3981 1476 4069 turhae,

559 4125 610 4199 Et
628 4122 787 4226 plaudat
804 4148 925 4199 curru
942 4141 1203 4228 praetereunte
1222 4143 1343 4228 pater.
1455 4171 1459 4179 ·

507 4273 662 4367 Adnue3
679 4272 735 4347 eie
756 4271 826 4346 tihi
840 4272 916 4347 aiat
933 4272 1094 4360 intonsi,
1117 4269 1279 4368 Phoebe,
1298 4274 1444 4380 capilli,

561 4423 623 4505 tio
643 4437 709 4502 tua
725 4437 918 4532 perpetuo
941 4422 985 4502 fit
1007 4421 1079 4496 tihi
1098 4437 1202 4498 ousta
1219 4447 1340 4504 soror.

952 4588 1290 4617 aa*—
