4126 5452
809 976 1097 1066 ELEGIA
1143 978 1230 1065 XI.

445 1166 525 1359 Q
543 1273 619 1321 u1s
639 1245 734 1335 suit,
759 1244 975 1319 horrendos
995 1242 1143 1346 primus
1163 1243 1232 1345 qui
1253 1243 1419 1346 prandit
1438 1246 1573 1322 enses?

490 1400 618 1497 Quam
638 1400 763 1488 ferus,
787 1414 826 1470 et
844 1420 936 1469 vere
958 1392 1108 1469 ferreus
1131 1394 1195 1469 ille
1215 1394 1311 1470 tuit!

440 1555 550 1628 Tunc
571 1551 693 1626 caedes
714 1549 921 1624 hominum
944 1547 1090 1651 generi,
1114 1562 1208 1621 tunc
1229 1514 1365 1650 praeiia
1382 1564 1470 1629 nata
1481 1580 1493 1645 5

489 1706 598 1779 Tunc
617 1704 775 1779 brevior
795 1701 890 1775 dirae
909 1702 1043 1775 mortis
1064 1716 1196 1804 aperta
1220 1701 1281 1775 via
1302 1717 1366 1775 est.

438 1859 489 1930 At
505 1854 604 1929 nihil
623 1853 687 1927 ille
704 1853 820 1926 miser
837 1850 981 1925 meruit
998 1882 1006 1921 ε
1024 1874 1094 1923 nos
1113 1849 1163 1923 ad
1176 1848 1275 1922 mala
1295 1868 1427 1925 nostra

485 2005 700 2091 Vertimus,
723 2002 765 2077 in
781 2028 894 2076 saevas
912 2002 1020 2104 quod
1043 2002 1152 2078 dedit
1175 2002 1239 2076 ille
1260 2004 1368 2078 feras

439 2158 580 2233 Divitis
601 2157 678 2231 hoc
698 2154 836 2231 vitium
855 2172 911 2230 est
928 2155 1031 2249 auri3
1061 2184 1131 2231 nec
1152 2155 1253 2231 bella
1275 2155 1454 2248 fuerunt,

489 2310 658 2411 Faginus
679 2306 851 2381 adstabat
872 2333 963 2381 cum
977 2304 1145 2409 scyphus
1165 2320 1260 2378 anta
1276 2304 1400 2408 dapes.

437 2462 528 2537 Non
552 2486 678 2551 arces,
697 2487 778 2536 non
801 2457 921 2534 vallus
940 2476 1041 2550 erat3
1065 2485 1325 2562 somnumque
1345 2459 1505 2561 petebat

482 2612 647 2689 Securus
668 2629 813 2685 saturas
832 2610 911 2685 dux
932 2611 1053 2713 gregis
1073 2612 1174 2685 inter
1191 2638 1291 2686 oves.

438 2764 550 2837 Tunc
568 2759 666 2837 mihi
688 2762 766 2837 vita
788 2760 906 2853 foret,
928 2761 1055 2869 Valgi,
1083 2786 1155 2834 nec
1181 2760 1303 2836 tristia
1325 2787 1475 2837 nossem

485 2920 622 3006 Arma,
643 2943 716 2991 neo
743 2916 935 2990 audissem
955 2912 1073 2989 corde
1096 2912 1264 2986 micante
1289 2912 1428 2989 tubam

436 3070 553 3145 Nunc
574 3069 623 3143 ad
643 3068 746 3145 bella
768 3069 922 3161 trahor;
942 3086 981 3142 et
995 3066 1072 3169 jam
1093 3060 1179 3164 quis
1190 3060 1349 3135 forsitan
1369 3061 1487 3137 hostis

484 3222 645 3295 Haesura
666 3221 708 3294 in
732 3235 863 3293 nostro
885 3218 959 3292 tela
978 3217 1077 3318 gerit
1098 3216 1226 3290 latere.

433 3373 509 3448 Sed
532 3372 646 3472 patrii
665 3387 812 3448 servate
831 3372 964 3461 Lares3
986 3368 1132 3442 aluistis
1152 3388 1187 3440 et
1210 3366 1331 3456 idem,

483 3526 685 3599 Cursarem
701 3540 846 3599 vestros
865 3549 956 3596 cum
981 3538 1090 3597 tener
1113 3538 1203 3596 ante
1225 3521 1355 3624 pedes.

431 3675 517 3751 Neu
537 3674 683 3778 pudeat
701 3673 829 3779 prisco
847 3698 913 3747 vos
928 3699 1005 3747 esse
1024 3701 1045 3747 e
1061 3673 1191 3775 stipite
1205 3672 1345 3765 factos3

480 3826 541 3901 Sic
564 3827 703 3901 veteris
725 3824 825 3900 aedes
849 3822 1064 3896 incoluistis
1091 3823 1162 3895 avi.

432 3980 546 4053 Tunc
565 3979 703 4053 melius
728 3994 889 4051 tenuere
911 3974 1046 4062 fidem,
1070 4000 1160 4049 cum
1180 3999 1354 4079 paupere
1381 3973 1491 4049 cultu

479 4131 611 4205 Stabat
634 4131 674 4202 in
697 4130 830 4233 exigua
853 4127 1000 4229 ligneus
1025 4127 1109 4200 aede
1128 4127 1247 4197 Deus.

435 4283 510 4359 Hic
535 4280 706 4386 placatus
728 4296 823 4369 erat,
847 4304 915 4353 seu
934 4274 1020 4378 quis
1037 4275 1223 4349 libaverat
1242 4302 1379 4362 uvam,

478 4432 557 4509 Seu
582 4430 743 4507 dederat
764 4446 904 4505 sanctae
926 4426 1055 4534 spicea
1081 4441 1181 4501 serta
1205 4448 1336 4500 comae.
