4126 5452
926 488 1088 561 Lines
1127 492 1187 563 11.

481 656 679 734 Praedator
700 661 811 763 cupit
831 661 1037 737 immensos
1058 662 1236 737 obsidere
1256 688 1430 767 campos,

531 807 729 884 Utmulto
752 811 999 885 innumeram
1017 811 1154 914 jugere
1176 831 1304 913 pascat
1328 838 1464 904 ovem3

480 958 550 1033 Cui
569 958 665 1061 lapis
687 975 868 1035 externus
890 986 996 1033 curae
1014 980 1088 1053 est3
1111 964 1281 1067 urbique
1306 942 1496 1039 tumultus

530 1113 711 1184 Portatur
727 1111 861 1184 validis
876 1112 981 1185 mille
998 1113 1180 1187 columna
1196 1115 1294 1217 jugis
1300 1148 1311 1205 ;

483 1261 638 1337 Claudit
653 1278 693 1335 et
707 1261 941 1338 indomitum
955 1264 1073 1340 moles
1087 1286 1213 1349 mare,
1232 1261 1359 1337 lentus
1373 1276 1418 1336 ut
1431 1262 1532 1336 intra

527 1410 702 1516 Negligat
720 1411 901 1488 hibernas
922 1413 1036 1516 piscis
1055 1411 1186 1486 adesse
1204 1412 1337 1486 minas.

476 1552 528 1645 A't
548 1565 619 1640 tibi
640 1565 726 1640 laeta
746 1564 903 1665 trahent
924 1566 1057 1641 Samiae
1080 1563 1257 1639 convivia
1280 1577 1421 1650 testae,-

530 1719 718 1819 Fictaque
736 1718 908 1791 Cumana
926 1714 1075 1789 lubrica
1095 1732 1198 1791 terra
1220 1732 1316 1791 rota.
1413 1749 1421 1764 ·

480 1869 589 1956 Heu,
610 1866 704 1952 heu,
726 1865 907 1939 divitibus
925 1865 1039 1938 video
1058 1862 1228 1961 gaudere
1251 1862 1418 1960 puellas3

530 2022 620 2094 Jam
637 2017 795 2093 veniant
815 2017 977 2120 praedae,
999 2016 1030 2089 si
1050 2015 1185 2090 Venus
1206 2029 1313 2117 optat
1329 1994 1443 2116 opes;

482 2169 536 2244 Ut
557 2195 642 2245 mea
665 2168 820 2283 luxuria
844 2166 1015 2243 Nemesis
1039 2164 1152 2253 fluat,
1173 2180 1297 2267 utque
1319 2190 1391 2266 per
1411 2164 1550 2240 urbem

532 2320 696 2397 Incedat
716 2320 828 2396 donis
846 2317 1122 2424 conspicienda
1143 2315 1248 2390 meis.

483 2471 555 2546 illa
575 2486 682 2573 gerat
699 2487 822 2545 vestes
847 2486 1000 2556 tenues,
1026 2491 1121 2569 quas
1143 2464 1288 2542 femina
1308 2467 1386 2543 Coa

532 2625 690 2710 Texuit,
711 2638 863 2696 auratas
879 2621 1146 2720 disposuitque
1162 2619 1251 2692 vias.

486 2766 549 2842 Illi
568 2767 647 2842 siut
669 2765 829 2843 comites
849 2764 964 2856 fusci,
988 2790 1085 2869 quos
1101 2766 1216 2841 India
1236 2784 1373 2859 torret,

537 2915 631 2991 Solis
651 2932 690 2989 et
711 2912 874 2990 admotis
897 2914 1022 2991 inficit
1043 2915 1140 3022 ignis
1164 2921 1284 3024 equis.

488 3067 553 3141 Illi
574 3066 733 3141 selectos
755 3083 906 3143 certent
927 3071 1100 3172 praebere
1123 3071 1290 3160 colores,

536 3217 666 3295 Africa
689 3216 920 3321 puniceum,
946 3247 1270 3323 purpureumque
1289 3223 1423 3324 Tyros
1484 3322 1491 3332 κ

437 3368 445 3377 ’
487 3371 587 3451 Nota
602 3370 746 3473 loquor
753 3403 763 3465 ;
785 3395 949 3473 regnum
968 3371 1057 3474 -ipse
1079 3385 1200 3459 tenet,
1226 3396 1345 3473 quem
1365 3397 1467 3478 saepe
1488 3374 1613 3479 coegit

540 3523 704 3604 Barbara
726 3539 903 3629 gypsatos
922 3520 1026 3600 ferre
1047 3537 1185 3599 catasta
1202 3522 1329 3629 pedes
