4126 5452
865 1000 1138 1088 ELEGIA
1181 1000 1264 1086 Vl.

493 1181 705 1343 Crem
721 1236 858 1340 'Macer
873 1268 1065 1370 sequitur3
1083 1281 1219 1339 tenero
1237 1261 1336 1365 quid
1354 1261 1421 1334 liet
1437 1257 1601 1335 Amori?
1726 1262 1736 1275 ‘

543 1413 597 1488 Sit
620 1416 769 1490 comes?
792 1432 830 1490 et
848 1417 949 1493 collo
970 1415 1127 1493 fortiter
1148 1440 1253 1490 arma
1271 1413 1406 1516 gerat?

487 1563 551 1651 Et,
571 1586 642 1636 seu
658 1564 772 1666 longa
788 1565 918 1641 virum
939 1582 1050 1643 terrae
1070 1568 1152 1658 via,
1172 1592 1243 1641 eeu
1256 1589 1353 1666 vagu
1370 1561 1516 1638 ducent

536 1715 724 1814 AEquora,
745 1718 839 1789 'cum
856 1717 940 1790 telis
958 1718 1121 1791 adlatus
1141 1719 1199 1790 ire
1215 1716 1348 1789 volet?

490 1862 589 1948 Ure,
608 1888 722 1963 puer,
740 1890 890 1962 quaeso,
914 1882 979 1937 tua
1005 1866 1074 1966 qui
1097 1865 1203 1937 ferus
1225 1863 1303 1935 otia
1325 1858 1461 1960 liquit,

536 2013 666 2112 Atque
686 2011 827 2084 iterum
844 2018 1023 2088 erronem
1043 2015 1115 2087 sub
1138 2018 1205 2086 tua
1223 2011 1328 2113 signa
1350 2033 1455 2084 voca.

497 2156 667 2257 Quodsi
684 2159 870 2236 militibus
884 2189 1038 2265 parces,
1060 2160 1135 2236 erit
1150 2160 1216 2235 hie
1233 2176 1405 2263 quoque
1415 2156 1551 2242 miles,

535 2312 623 2410 lpse
639 2310 765 2386 levem
783 2314 891 2413 galea
910 2316 979 2416 qui
999 2311 1073 2388 sibi
1093 2314 1229 2413 portet
1247 2333 1397 2408 aquam„

488 2459 616 2533 Castra
632 2477 725 2563 peto
745 2494 753 2533 :
769 2445 971 2566 valeatque
987 2466 1139 2550 Venus,
1158 2461 1386 2560 valeantque
1401 2454 1540 2558 puellae
1554 2481 1565 2526 ε

535 2610 586 2680 Et
607 2611 704 2683 mihi
724 2631 817 2686 eunt
834 2613 954 2701 vires,
977 2613 1132 2687 etmihi
1155 2611 1268 2683 facta·
1282 2609 1373 2682 tuba
1398 2623 1462 2681 est

487 2752 628 2851 Magna
647 2755 808 2856 loquor,
829 2757 897 2832 sed
913 2758 1115 2861 magnifiee
1134 2755 1231 2831 mihi
1248 2772 1385 2854 magna
1401 2752 1535 2827 locuto
1582 2842 1584 2846 y

536 2899 753 2976 Excutiuut
772 2903 909 2980 clausae
925 2905 1038 2983 lortia
1055 2911 1174 2986 verba
1193 2907 1308 2985 fores,

486 3051 509 3121 J
514 3051 621 3124 uravi
643 3053 793 3152 quoties
811 3056 1030 3134 rediturum
1049 3061 1100 3135 ad
1121 3060 1255 3133 limina
1274 3057 1504 3157 nunquam!

481 3256 484 3263 .
535 3200 634 3275 Cum
650 3201 752 3278 bene
768 3205 911 3308 juravi,
927 3235 995 3311 pes
1009 3227 1139 3285 tamen
1158 3212 1240 3311 ipse
1257 3207 1371 3283 redit.

484 3352 537 3424 At
551 3367 610 3440 tu,
633 3353 806 3456 quisquis
824 3356 854 3431 ie
869 3383 924 3448 es,
948 3361 1014 3433 cui
1034 3359 1133 3435 tristi
1147 3359 1278 3433 fronte
1294 3355 1449 3458 Cupido

533 3503 752 3603 Imperitia,
772 3522 902 3580 nostra
921 3506 997 3582 rint
1019 3527 1084 3584 tua
1107 3524 1226 3585 caetra
1248 3507 1375 3583 domo.

488 3648 630 3722 Ferrea
652 3676 731 3725 non
753 3652 964 3743 Venerem,
983 3658 1049 3733 aed
1070 3661 1243 3764 praedam
1262 3658 1400 3735 soecula
1422 3656 1608 3746 laudant3

531 3797 663 3872 Praeda
686 3816 815 3874 tamen
833 3805 963 3884 multia
981 3825 1037 3882 est
1055 3828 1212 3911 operata
1233 3803 1353 3883 milia.

487 3945 621 4019 Praeda
637 3949 738 4022 feras
758 3951 857 4026 acies
875 3954 997 4029 cinxit
1019 3958 1260 4033 discordibus
1285 3957 1425 4048 armis3

534 4093 638 4168 Hine
657 4121 789 4186 cruor,
810 4103 902 4176 hinc
920 4109 1059 4196 caedes,
1079 4134 1181 4181 mors
1198 4107 1438 4207 propiorque
1454 4109 1567 4182 veuit

482 4243 618 4319 Praeda
636 4270 730 4345 vago
744 4245 856 4349 jussit
873 4256 1064 4352 geminare
1088 4255 1260 4360 pericula
1282 4271 1428 4356 ponto,

531 4388 673 4470 Bellica
694 4420 785 4496 cum
806 4397 933 4487 dubiis
953 4421 1075 4483 rostra
1097 4404 1207 4483 dedit
1229 4407 1386 4483 ratibus„
