4126 5452
924 495 1089 568 Lranu
1128 498 1197 568 lV.

485 666 732 774 splendidior
746 666 905 770 liquidis
925 695 1014 746 oum
1034 669 1097 743 Sol
1120 686 1238 772 caput
1257 670 1394 744 extulit
1416 670 1547 761 undis,
1599 724 1602 731 -

487 819 537 891 Et
555 815 639 890 fera
658 815 852 892 discordes
873 833 1082 894 tenuerunt
1100 819 1255 896 llamina
1274 821 1414 911 Venti,

485 967 612 1040 Curva
629 992 702 1040 nec
722 984 888 1042 assuetos
909 987 1073 1071 egerunt
1090 971 1253 1046 {lumina
1272 998 1407 1047 cursus
1414 1004 1426 1066 3

489 1117 597 1214 Quin
613 1117 796 1220 rapidum
813 1117 974 1221 placidis
992 1119 1108 1193 otiam
1125 1147 1229 1195 mare
1246 1120 1419 1195 constitit
1436 1119 1573 1208 undis,
1693 1215 1696 1220 Ι
1788 1118 1791 1123 ’

489 1264 578 1340 Ulla
598 1292 669 1340 neo
689 1265 998 1340 aerias-volucris
1017 1264 1232 1370 perlabitur
1254 1298 1386 1363 auras,
1471 1357 1475 1364 ⁴

463 1428 467 1433 '
488 1415 571 1491 Nec
593 1414 816 1519 quadrupes
836 1415 972 1492 densas
992 1415 1213 1520 depascitur
1234 1446 1369 1524 aspera
1389 1422 1497 1499 silvas
1504 1456 1519 1516 ᾗ

447 1576 452 1582 “
492 1563 599 1661 Quin
626 1566 761 1669 largita
781 1564 855 1639 tuis
877 1582 968 1640 sunt
990 1581 1094 1641 muta
1111 1568 1264 1643 silentia
1279 1564 1413 1645 votisv

490 1717 675 1819 Juppiter
695 1718 776 1820 ipse
798 1717 873 1791 levi
891 1736 1024 1791 vectus
1041 1743 1114 1819 per
1133 1718 1261 1793 inania
1280 1747 1403 1794 curru·

493 1864 646 1950 Adfuit,
666 1883 703 1937 et
720 1866 822 1937 coelo
839 1866 1011 1938 vicinum
1028 1865 1144 1964 liquit
1165 1870 1393 1970 Olympum,
1504 1898 1510 1909 ·

378 2108 381 2112 Δ
496 2019 731 2117 Intentaque
753 1992 825 2087 tuis
843 2012 1030 2117 precibus
1044 2039 1083 2089 se
1104 2018 1272 2118 praebuit
1289 2044 1410 2108 aure;

497 2167 725 2267 Cunctaque
745 2164 870 2239 veraci
891 2164 1017 2263 capite
1037 2162 1184 2238 adnuit
1212 2161 1368 2236 ldditus
1390 2161 1470 2236 aris

495 2315 640 2392 Laetior
659 2313 780 2389 eluxit
795 2330 960 2388 structos
977 2338 1096 2418 super
1115 2315 1209 2416 ignis
1229 2340 1401 2389 acervos.

500 2470 624 2567 Quin,
643 2467 824 2544 hortante
845 2467 948 2554 Deo,
970 2465 1113 2566 magnis
1132 2465 1300 2539 insistere
1317 2465 1443 2538 rebus.

500 2620 635 2719 Incipe
643 2650 653 2708 3
673 2644 754 2690 non
774 2619 891 2691 iidem
912 2617 979 2689 tibi
996 2616 1073 2689 sint
1090 2616 1254 2715 aliisque
1274 2615 1478 2717 triumphis
1488 2591 1510 2706 3·

500 2769 591 2841 Non
611 2783 647 2839 te
670 2766 798 2839 vicino
818 2764 1075 2839 remorabitur
1094 2764 1206 2839 obvia
1225 2766 1353 2839 Marte

504 2918 649 3007 Gallia,
670 2946 743 2993 nec
765 2919 847 2993 latis
864 2918 991 2992 audax
1010 2916 1195 3019 Hispania
1215 2917 1342 3010 terris;

506 3070 587 3143 Nec
604 3069 688 3142 sera
706 3072 866 3144 Thermo
885 3071 995 3144 tellus
1013 3070 1159 3142 obsessa
1174 3066 1336 3156 colon03

507 3220 543 3292 N
546 3245 589 3292 ec
608 3245 685 3321 qua
704 3218 764 3292 vel
784 3218 915 3306 Nilus,
935 3219 995 3291 vel
1018 3217 1122 3316 regia
1141 3214 1298 3316 lympha
1320 3214 1512 3314 Choaspes

507 3366 688 3454 Prolluit,
707 3381 774 3440 aut
792 3366 968 3469 rapidu8‚
989 3366 1079 3466 Cyri
1099 3363 1308 3452 dementia,
1329 3362 1485 3463 Gyndes

508 3518 621 3592 Radit
635 3520 826 3591 Areetaeos
842 3515 950 3589 haud
969 3543 1045 3589 una
1067 3542 1138 3619 per
1157 3513 1252 3590 ostia
1274 3542 1450 3617 campos3

509 3664 590 3740 Nec
616 3691 692 3765 qua
716 3691 831 3765 regna
855 3690 949 3767 vago
971 3666 1147 3769 Tomyris
1170 3664 1295 3740 finivit
1315 3671 1461 3758 Aram

510 3817 632 3920 Impia
653 3842 724 3890 nec
741 3816 848 3890 saevis
868 3817 1065 3889 celebrans
1085 3817 1259 3890 convivia
1280 3816 1421 3891 mensis

512 3970 656 4041 Ultima
676 3970 823 4042 vicinus
838 3967 984 4042 Phoebo
1005 3981 1111 4042 tenet
1127 3992 1216 4040 arra
1239 3964 1413 4059 Padaeus;

513 4113 679 4215 Quaque
699 4119 819 4188 Istrus
840 4096 1054 4216 Tanaisque
1074 4118 1191 4191 Getas
1211 4119 1309 4213 rigat
1328 4132 1445 4215 atque
1465 4117 1508 4187 Μ
1512 4140 1659 4216 osynos.

514 4261 621 4359 Quid
642 4262 796 4336 moror?
813 4261 990 4335 Oceanus
1010 4280 1130 4363 ponto
1152 4289 1229 4362 qua
1249 4262 1422 4335 eontinet
1441 4263 1595 4356 orbem,

512 4412 629 4489 Nulla
650 4412 719 4486 tibi
739 4411 904 4487 adversis
924 4410 1029 4513 regio
1051 4435 1130 4484 sese
1154 4411 1289 4485 offeret
1309 4410 1429 4488 armis.
