4126 5452
482 531 1515 726 tLssltTassuccl
1918 562 1931 599 ·

844 928 1202 1047 LIBERI.

765 1376 1021 1463 naama
1058 1380 1278 1466 PRIMA.

449 1562 724 1705 Dinnis
752 1624 849 1700 alius
871 1624 981 1700 fulvo
1008 1627 1080 1701 sibi
1107 1647 1287 1732 congerat
1311 1611 1427 1716 auru,

500 1745 551 1851 Et
572 1794 700 1852 teneat
721 1776 815 1850 culti
839 1774 972 1877 jugera
997 1777 1119 1851 multa
1142 1779 1233 1885 suli,

451 1927 580 2024 Quem
602 1927 715 2005 labor
734 1925 907 2033 assiduus
931 1925 1061 2001 vicino
1084 1942 1226 2000 terreat
1245 1925 1375 2045 hoste,

496 2080 638 2154 Martia
664 2074 729 2155 cui
750 2060 903 2153 somnos
932 2073 1084 2152 classica
1110 2076 1221 2181 pulsa
1249 2076 1403 2180 fugent:

446 2229 513 2306 Me
534 2255 620 2305 mea
641 2243 850 2334 paupertas
868 2227 969 2323 vitae„
987 2231 1163 2329 traducat
1183 2230 1320 2318 inerti,

496 2384 605 2459 Dum
631 2407 740 2457 meus
764 2381 901 2484 exiguo
927 2379 1055 2456 luceat
1079 2382 1166 2483 igne
1186 2377 1319 2467 focus,

447 2532 531 2606 Nec
556 2557 642 2632 spes
668 2530 871 2644 destituat,
891 2532 964 2627 sed
992 2508 1150 2635 frugum
1171 2556 1325 2631 semper
1349 2552 1504 2603 acervos

494 2678 686 2767 Praebeat,
709 2658 749 2751 ct
764 2644 1059 2781 plenopinguia
1074 2644 1198 2749 inusta
1216 2672 1312 2748 lacu.

326 2810 331 2820 ⁸
447 2831 537 2932 Ipse
559 2853 682 2902 seram
703 2844 852 2903 teneras
874 2841 1027 2902 maturo
1052 2841 1226 2928 tempore
1248 2825 1343 2899 vites

360 2998 366 3009 ‘
495 2975 693 3064 Rusticus,
718 2991 757 3049 et
777 2973 882 3049 facili
906 2975 1063 3079 grandia
1086 3004 1204 3082 poma
1228 3005 1352 3052 manu.

446 3125 484 3205 N
487 3151 530 3200 ec
548 3142 678 3201 tamen
695 3125 895 3201 interdum
910 3126 1058 3231 pudeat
1074 3129 1240 3204 tenuisse
1256 3127 1478 3216 bidentem,

492 3279 573 3353 Aut
594 3275 750 3352 stimulo
778 3274 905 3352 tardos
930 3278 1165 3383 increpuisse
1187 3280 1312 3355 boves.

444 3429 537 3506 Non
556 3454 740 3531 agnamve
764 3429 853 3505 sinu
874 3429 1022 3533 pigeat,
1047 3430 1234 3506 foetumve
1262 3426 1418 3533 capellae

494 3583 723 3672 Desertum,
752 3580 872 3656 oblita
894 3599 1038 3672 matre,
1062 3580 1208 3657 referre
1229 3562 1399 3656 dtimum.

445 3727 522 3805 Hic
553 3753 624 3827 ego
647 3744 919 3830 pastoremque
948 3755 1080 3804 meum
1104 3729 1268 3801 lustrare
1296 3728 1523 3827 quotannis,

494 3877 545 3951 Et
565 3873 757 3977 placidam
778 3873 883 3947 soleo
906 3894 1084 3976 spargere
1110 3869 1207 3942 lacte
1233 3869 1368 3940 Palem.

443 4023 540 4099 Nam
571 4050 757 4112 veneror,
784 4048 853 4098 seu
876 4022 992 4125 stipes
1015 4020 1132 4096 habet
1158 4021 1328 4097 desertus
1353 4019 1394 4092 in
1421 4019 1541 4121 agris,

490 4174 566 4252 Seu
590 4189 698 4248 vetus
723 4172 765 4245 in
793 4173 901 4247 trivio
926 4172 1048 4247 florea
1072 4190 1171 4248 serta
1195 4173 1312 4276 lapis;
1521 4163 1524 4170 ¹

443 4328 494 4401 Et
519 4325 797 4428 quodcumque
825 4324 922 4399 mihi
946 4350 1107 4429 pomum
1135 4351 1258 4399 novus
1284 4323 1425 4399 educat
1452 4348 1596 4411 annus,

447 4566 455 4574 .
487 4478 667 4554 Libatum
694 4476 865 4578 agricolae
892 4479 1058 4580 ponitur
1088 4494 1176 4552 ante
1204 4479 1300 4551 Deo.
