4126 5452
887 877 1156 993 LIBER
1200 876 1281 991 ll.

737 1504 740 1511 ’
827 1536 1083 1631 Enuffln
1120 1526 1341 1620 PRIMA.

516 1774 787 1968 Qutsctus
808 1850 931 1938 adest,
947 1851 1073 1925 faveat
1085 1884 1092 1924 :
1105 1850 1232 1953 fruges
1251 1854 1457 1926 lustramus
1479 1870 1516 1927 et
1532 1877 1659 1956 agros,

563 2009 671 2104 Ritus
690 2024 769 2080 uta
785 2002 913 2110 prisco
933 2002 1096 2077 traditus
1113 2020 1232 2112 exstet
1251 2027 1332 2075 avo.

512 2155 665 2230 Bacche
684 2153 790 2243 ¹veni,
816 2151 1017 2254 dulcisque
1032 2153 1141 2227 tuise
1159 2153 1342 2227 cornibus
1360 2178 1434 2227 uva

565 2305 752 2394 Pendeat,
776 2321 816 2380 et
829 2301 944 2408 spicis
960 2328 1134 2409 tempora
1154 2303 1281 2405 cinge,
1307 2305 1429 2378 Ceres.

517 2458 621 2531 Luce
636 2479 745 2528 sacra
759 2452 977 2554 requiescat
992 2451 1154 2544 humus,
1178 2456 1396 2557 requiescat
1417 2473 1562 2549 aret0r3

567 2607 619 2678 Et
639 2630 752 2702 grave
770 2628 954 2703 suspenso
972 2629 1127 2676 vomere
1143 2621 1262 2676 cesset
1281 2629 1387 2706 opus.
1636 2576 1638 2580 Α

517 2751 659 2828 Solvite
680 2749 807 2825 vincla
824 2749 944 2852 jugis3
969 2776 1075 2825 nunc
1096 2748 1145 2823 ad
1168 2753 1355 2855 praesepia
1376 2752 1521 2828 debent

569 2902 689 2985 Plena
710 2917 896 3003 coronato
917 2916 1017 3005 stane
1038 2899 1156 2976 boves
1177 2903 1311 3008 capite.

517 3053 659 3128 Omnia
685 3053 761 3126 sint
786 3069 941 3157 operata
963 3044 1059 3128 Deo.
1088 3053 1178 3128 Non
1200 3056 1340 3131 audeat
1362 3056 1461 3130 ulla'

568 3204 779 3280 Lanificam
801 3203 928 3307 pensis
954 3202 1187 3307 imposuisse·
1205 3231 1373 3279 menum.

520 3359 601 3434 Vos
620 3380 780 3458 quoque
796 3351 925 3428 abesse
941 3350 1082 3456 procul
1099 3351 1240 3453 jubeo,
1261 3352 1446 3461 discedite
1466 3352 1514 3426 ab
1537 3353 1641 3446 aris,
1681 3328 1684 3332 .

573 3506 692 3604 Queis
716 3503 806 3579 tulit
830 3502 1011 3577 hesterna
1034 3501 1174 3603 gaudia
1201 3519 1316 3577 nocte
1341 3504 1489 3578 Venus.

519 3661 628 3733 Casta
652 3657 809 3760 placent
827 3655 991 3757 Superis.
1017 3656 1118 3728 Pura
1142 3680 1233 3727 cum
1256 3669 1356 3727 veste
1378 3654 1527 3747 venite,
1592 3690 1607 3757 q

572 3815 619 3881 Et
640 3805 818 3883 manibus
842 3804 951 3906 puris
976 3803 1117 3876 sumite
1135 3803 1252 3876 fontis
1276 3830 1425 3903 aquam.

522 3956 695 4045 Cernite,
717 3954 908 4056 fulgentes
934 3969 978 4029 ut
1003 3971 1065 4027 eat
1085 3976 1191 4025 sacer
1208 3976 1324 4052 ugnus
1348 3952 1397 4026 ad
1421 3978 1520 4042 ares,

570 4107 791 4207 Vinctaque
812 4121 899 4201 post
918 4105 1002 4178 olea
1025 4100 1189 4179 candida
1208 4099 1321 4173 turba
1339 4125 1476 4173 comas.

522 4250 734 4354 Di'patrii‚
757 4274 964 4353 purgamns
989 4273 1114 4347 agros,
1135 4276 1343 4352 purgamus
1365 4266 1545 4348 agrestes,

571 4401 652 4475 Vos
672 4398 772 4473 mala
789 4398 838 4472 de
860 4398 1001 4473 nostris
1021 4397 1155 4502 pellite
1178 4397 1373 4474 limitibus
