4126 5452
277 519 328 593 26
899 464 1127 601 ¹Lmenl.
1202 532 1205 537 “

395 702 398 707 ’
444 700 494 773 At
512 699 541 774 si
561 697 690 773 tardus
710 696 800 786 eris,
822 698 1153 793 errabis3'transiit
1169 683 1258 776 aetas

495 851 622 949 Quam
640 853 738 927 cito!
755 877 838 927 non
848 852 974 954 segnis
989 828 1080 942 stat,
1100 871 1323 957 remeatque
1342 852 1431 927 dies

445 1002 572 1100 Quam
591 999 667 1075 cito
680 1022 902 1103 purpureos
919 998 1100 1100 deperdit
1114 1017 1217 1074 terra
1235 1001 1401 1074 colores!
1482 993 1485 997 ’

494 1152 623 1249 Quam
637 1149 713 1225 cito
724 1148 907 1223 formosas
921 1145 1091 1253 populus
1105 1147 1180 1220 alta
1192 1149 1341 1220 comas!

445 1302 574 1400 Quam
588 1295 709 1400 jacet,
727 1274 891 1372 infirm
905 1316 1047 1372 venere
1064 1294 1134 1369 uhi
1150 1278 1227 1368 fata
1242 1306 1422 1379 senectae,
1476 1275 1506 1333 '²

442 1444 448 1455 '
491 1436 572 1543 Qui
584 1430 695 1548 pricr
708 1444 805 1520 Eleo
820 1461 876 1519 est
890 1426 1044 1521 carcere
1056 1445 1189 1522 missus
1204 1433 1346 1548 equus!
1365 1474 1369 1483 ·
1447 1474 1450 1481 ·

440 1596 535 1673 viat
547 1594 626 1698 jam
641 1594 839 1698 juvenem,
856 1574 1053 1699 premere
1064 1623 1189 1702 quum
1199 1596 1323 1673 serior
1334 1611 1440 1683 eus,
1524 1626 1527 1635 ·

489 1749 724 1823 Maerentem
739 1746 874 1822 stultos
890 1744 1117 1848 praeteriisse
1132 1744 1224 1817 dies.

368 1981 371 1986 .
439 1895 626 1972 Crudeles
636 1893 919 1997 Divilserpent
929 1875 1052 1968 novus
1069 1892 1177 1968 exuit
1189 1912 1332 1987 annos3
1376 1878 1381 1883 ’
1507 1882 1512 1887 ’
1551 1884 1589 1919 ’·

404 2044 409 2057 ‘
488 2044 640 2120 Formae
658 2069 740 2120 non
751 2043 873 2118 ullam
884 2041 961 2127 fata
972 2044 1123 2122 dedere
1137 2057 1295 2122 moram.

320 2276 322 2281 .
436 2172 534 2273 sctis
543 2212 687 2273 eterna
702 2210 756 2272 est
769 2176 918 2272 Phoebo
937 2178 1166 2300 Be'c'chcque
1182 2194 1365 2299 juventa:
1437 2287 1440 2294 Ι

484 2347 582 2424 Nam
597 2347 711 2432 decet
722 2347 895 2425 intonsus
907 2332 1024 2424 crinis
1034 2364 1247 2450 utrumque
1261 2345 1399 2420 Deum

433 2495 659 2575 Neucomes
671 2496 728 2573 ire
740 2524 868 2601 neges,
881 2498 1436 2601 quamvisvialongaparetur,

486 2647 536 2718 Et
550 2646 663 2717 Canis
676 2647 801 2717 arenti
820 2661 965 2719 torreat
978 2668 1069 2719 arva
1080 2646 1161 2729 siti,
1267 2630 1272 2637 ⁸

434 2792 619 2893 Quamvis
629 2808 845 2897 preteriens
861 2793 971 2900 picea
984 2789 1179 2898 ferrugine
1193 2790 1357 2888 coelum,

483 2944 704 3022 Venturam
718 2945 894 3023 admittat
907 2943 1083 3022 imbrifer
1095 2970 1206 3021 arcus
1218 2968 1371 3048 aquam.

433 3089 507 3166 vel
518 3089 549 3163 si
567 3091 748 3166 caeruleas
759 3094 884 3197 puppi
896 3093 1002 3167 volet
1014 3098 1071 3171 ire
1082 3123 1155 3200 per
1169 3095 1314 3185 undas,

374 3220 376 3224 ⁷
485 3243 574 3347 Ipse
587 3242 711 3316 levem
727 3265 836 3315 remo
851 3266 924 3344 per
933 3239 1032 3315 freta
1043 3224 1147 3347 pelle
1159 3260 1293 3318 ratem.

433 3391 514 3471 Nec
537 3408 575 3468 te
596 3392 785 3498 poeniteat
803 3390 921 3468 duros
937 3392 1096 3469 subiisse
1106 3393 1275 3499 labores,

480 3547 560 3625 Ant
576 3545 686 3650 operi
700 3544 867 3623 insuetas
879 3544 1079 3622 attenuisse
1094 3571 1253 3638 munus3

432 3689 531 3782 Nec,
542 3693 637 3766 velit
650 3676 795 3770 insidiis
812 3676 905 3770 altas
915 3696 948 3771 si
960 3694 1141 3772 claudere
1153 3693 1288 3784 valles,

478 3837 586 3915 Dum
600 3836 750 3940 placeas
761 3893 773 3930 ,
783 3839 940 3916 humeri
952 3845 1049 3920 retia
1064 3843 1169 3921 ferre
1185 3858 1337 3946 negent

430 3985 471 4066 si
486 3989 728 4080 voletam,
743 3988 819 4068 levi
835 3962 997 4081 tentabis
1013 3992 1149 4070 ludere
1168 3991 1318 4067 dextra:

474 4139 585 4243 Soepe
596 4137 705 4216 dabis
722 4139 892 4231 nudum,
905 4143 1036 4219 vincat
1049 4157 1094 4215 nt
1109 4142 1194 4228 ille,
1207 4140 1318 4216 latus.

423 4294 538 4372 Tune
555 4289 627 4366 tibi
645 4286 748 4366 mitis
763 4289 838 4365 erit
849 4319 857 4364 ε
868 4291 995 4394 rapies
1009 4307 1195 4366 tumeam
1209 4284 1345 4363 licebit

475 4440 619 4535 Oscula
627 4473 640 4541 3
654 4439 856 4548 pugnabit,
872 4437 943 4521 sed
958 4455 1087 4519 tamen
1101 4453 1191 4548 apta
1205 4435 1324 4519 dabit.
