<?xml version="1.0" encoding="UTF-8"?>
<!DOCTYPE html PUBLIC "-//W3C//DTD XHTML 1.0 Transitional//EN"
    "http://www.w3.org/TR/xhtml1/DTD/xhtml1-transitional.dtd">
<html xmlns="http://www.w3.org/1999/xhtml" xml:lang="en" lang="en">
 <head>
  <title>
</title>
<meta http-equiv="Content-Type" content="text/html;charset=utf-8" />
  <meta name='ocr-system' content='tesseract 3.04.00' />
  <meta name='ocr-capabilities' content='ocr_page ocr_carea ocr_par ocr_line ocrx_word'/>
</head>
<body>
  <div class='ocr_page' id='page_1' title='image "./carminalibritre00tibugoog_0058.png"; bbox 0 0 4126 5452; ppageno 0'>
   <div class='ocr_carea' id='block_1_1' title="bbox 323 509 1179 629">
    <p class='ocr_par' dir='ltr' id='par_1_1' title="bbox 323 509 1179 629">
     <span class='ocr_line' id='line_1_1' title="bbox 323 509 1179 629; baseline -0.006 -40"><span class='ocrx_word' id='word_1_1' title='bbox 323 518 369 629; x_wconf 63' lang='lat'><strong>52</strong></span> <span class='ocrx_word' id='word_1_2' title='bbox 967 509 1179 599; x_wconf 71' lang='lat' dir='ltr'><strong>LrarnI,</strong></span> 
     </span>
    </p>
   </div>
   <div class='ocr_carea' id='block_1_2' title="bbox 318 690 1808 735">
    <p class='ocr_par' dir='ltr' id='par_1_2' title="bbox 318 690 1808 735">
     <span class='ocr_line' id='line_1_2' title="bbox 318 690 1808 735; baseline 0.002 -7"><span class='ocrx_word' id='word_1_3' title='bbox 318 690 1808 735; x_wconf 44' lang='lat' dir='ltr'><strong>mmmmm</strong></span> 
     </span>
    </p>
   </div>
   <div class='ocr_carea' id='block_1_3' title="bbox 893 990 1226 1078">
    <p class='ocr_par' dir='ltr' id='par_1_3' title="bbox 893 990 1226 1078">
     <span class='ocr_line' id='line_1_3' title="bbox 893 990 1226 1078; baseline -0.009 -1"><span class='ocrx_word' id='word_1_4' title='bbox 893 990 1145 1078; x_wconf 82' lang='lat' dir='ltr'><strong>ELEGIA</strong></span> <span class='ocrx_word' id='word_1_5' title='bbox 1173 990 1226 1074; x_wconf 85' lang='lat' dir='ltr'><strong>V.</strong></span> 
     </span>
    </p>
   </div>
   <div class='ocr_carea' id='block_1_4' title="bbox 429 1178 1643 1365">
    <p class='ocr_par' dir='ltr' id='par_1_4' title="bbox 429 1178 1643 1365">
     <span class='ocr_line' id='line_1_4' title="bbox 429 1178 1643 1365; baseline -0.006 -27"><span class='ocrx_word' id='word_1_6' title='bbox 429 1302 432 1309; x_wconf 95' lang='lat'>·</span> <span class='ocrx_word' id='word_1_7' title='bbox 482 1178 680 1349; x_wconf 72' lang='lat' dir='ltr'><strong>Arrun</strong></span> <span class='ocrx_word' id='word_1_8' title='bbox 694 1258 826 1349; x_wconf 78' lang='lat' dir='ltr'><strong>eram,</strong></span> <span class='ocrx_word' id='word_1_9' title='bbox 841 1270 881 1331; x_wconf 83' lang='lat' dir='ltr'><strong>et</strong></span> <span class='ocrx_word' id='word_1_10' title='bbox 895 1255 996 1332; x_wconf 89' lang='lat' dir='ltr'><strong>bene</strong></span> <span class='ocrx_word' id='word_1_11' title='bbox 1009 1253 1215 1332; x_wconf 85' lang='lat' dir='ltr'><strong>discidium</strong></span> <span class='ocrx_word' id='word_1_12' title='bbox 1228 1280 1292 1333; x_wconf 90' lang='lat' dir='ltr'><strong>me</strong></span> <span class='ocrx_word' id='word_1_13' title='bbox 1308 1252 1411 1333; x_wconf 78' lang='lat' dir='ltr'><strong>ferre</strong></span> <span class='ocrx_word' id='word_1_14' title='bbox 1427 1256 1643 1365; x_wconf 40' lang='lat' dir='ltr'><strong>loquebar?</strong></span> 
     </span>
    </p>
   </div>
   <div class='ocr_carea' id='block_1_5' title="bbox 485 1403 1622 3593">
    <p class='ocr_par' dir='ltr' id='par_1_5' title="bbox 485 1403 1622 3593">
     <span class='ocr_line' id='line_1_5' title="bbox 536 1403 1345 1512; baseline -0.009 -24"><span class='ocrx_word' id='word_1_15' title='bbox 536 1415 588 1488; x_wconf 80' lang='lat' dir='ltr'><strong>At</strong></span> <span class='ocrx_word' id='word_1_16' title='bbox 602 1409 699 1486; x_wconf 91' lang='lat' dir='ltr'><strong>mihi</strong></span> <span class='ocrx_word' id='word_1_17' title='bbox 716 1434 824 1484; x_wconf 90' lang='lat' dir='ltr'><strong>nunc</strong></span> <span class='ocrx_word' id='word_1_18' title='bbox 839 1407 952 1512; x_wconf 73' lang='lat' dir='ltr'><strong>longe</strong></span> <span class='ocrx_word' id='word_1_19' title='bbox 969 1403 1092 1512; x_wconf 80' lang='lat' dir='ltr'><strong>gloria</strong></span> <span class='ocrx_word' id='word_1_20' title='bbox 1109 1403 1345 1483; x_wconf 70' lang='lat' dir='ltr'><strong>fortisabest</strong></span> 
     </span>
     <span class='ocr_line' id='line_1_6' title="bbox 485 1558 1622 1665; baseline -0.001 -28"><span class='ocrx_word' id='word_1_21' title='bbox 485 1568 658 1665; x_wconf 78' lang='lat' dir='ltr'><strong>Namque</strong></span> <span class='ocrx_word' id='word_1_22' title='bbox 677 1586 781 1664; x_wconf 81' lang='lat' dir='ltr'><strong>agor,</strong></span> <span class='ocrx_word' id='word_1_23' title='bbox 799 1574 844 1635; x_wconf 90' lang='lat' dir='ltr'><strong>ut</strong></span> <span class='ocrx_word' id='word_1_24' title='bbox 858 1584 930 1664; x_wconf 91' lang='lat' dir='ltr'><strong>per</strong></span> <span class='ocrx_word' id='word_1_25' title='bbox 945 1558 1062 1663; x_wconf 89' lang='lat' dir='ltr'><strong>plana</strong></span> <span class='ocrx_word' id='word_1_26' title='bbox 1079 1560 1177 1635; x_wconf 85' lang='lat' dir='ltr'><strong>citus</strong></span> <span class='ocrx_word' id='word_1_27' title='bbox 1191 1559 1271 1635; x_wconf 88' lang='lat' dir='ltr'><strong>sola</strong></span> <span class='ocrx_word' id='word_1_28' title='bbox 1283 1560 1442 1636; x_wconf 81' lang='lat' dir='ltr'><strong>verbere</strong></span> <span class='ocrx_word' id='word_1_29' title='bbox 1461 1559 1622 1651; x_wconf 79' lang='lat' dir='ltr'>turben,</span> 
     </span>
     <span class='ocr_line' id='line_1_7' title="bbox 537 1710 1379 1813; baseline -0.004 -26"><span class='ocrx_word' id='word_1_30' title='bbox 537 1712 668 1811; x_wconf 86' lang='lat' dir='ltr'><strong>Quem</strong></span> <span class='ocrx_word' id='word_1_31' title='bbox 685 1710 790 1787; x_wconf 87' lang='lat' dir='ltr'><strong>celer</strong></span> <span class='ocrx_word' id='word_1_32' title='bbox 804 1710 961 1787; x_wconf 82' lang='lat' dir='ltr'><strong>adsueta</strong></span> <span class='ocrx_word' id='word_1_33' title='bbox 972 1728 1099 1784; x_wconf 86' lang='lat' dir='ltr'><strong>versat</strong></span> <span class='ocrx_word' id='word_1_34' title='bbox 1111 1711 1160 1786; x_wconf 83' lang='lat' dir='ltr'><strong>ab</strong></span> <span class='ocrx_word' id='word_1_35' title='bbox 1174 1728 1255 1786; x_wconf 77' lang='lat' dir='ltr'><strong>arte</strong></span> <span class='ocrx_word' id='word_1_36' title='bbox 1268 1738 1379 1813; x_wconf 89' lang='lat' dir='ltr'><strong>puer.</strong></span> 
     </span>
     <span class='ocr_line' id='line_1_8' title="bbox 489 1856 1541 1965; baseline 0.001 -28"><span class='ocrx_word' id='word_1_37' title='bbox 489 1864 570 1937; x_wconf 85' lang='lat' dir='ltr'><strong>Ure</strong></span> <span class='ocrx_word' id='word_1_38' title='bbox 581 1862 725 1948; x_wconf 81' lang='lat' dir='ltr'><strong>ferum,</strong></span> <span class='ocrx_word' id='word_1_39' title='bbox 743 1876 784 1933; x_wconf 84' lang='lat' dir='ltr'><strong>et</strong></span> <span class='ocrx_word' id='word_1_40' title='bbox 800 1876 941 1961; x_wconf 83' lang='lat' dir='ltr'><strong>torque</strong></span> <span class='ocrx_word' id='word_1_41' title='bbox 958 1856 1099 1937; x_wconf 85' lang='lat' dir='ltr'><strong>:libeat</strong></span> <span class='ocrx_word' id='word_1_42' title='bbox 1110 1888 1160 1937; x_wconf 89' lang='lat' dir='ltr'><strong>ne</strong></span> <span class='ocrx_word' id='word_1_43' title='bbox 1178 1859 1308 1937; x_wconf 85' lang='lat' dir='ltr'><strong>dicere</strong></span> <span class='ocrx_word' id='word_1_44' title='bbox 1327 1861 1541 1965; x_wconf 86' lang='lat' dir='ltr'><strong>quidquam</strong></span> 
     </span>
     <span class='ocr_line' id='line_1_9' title="bbox 536 1972 1427 2116; baseline -0.006 -28"><span class='ocrx_word' id='word_1_45' title='bbox 536 2013 784 2116; x_wconf 78' lang='lat' dir='ltr'><strong>Magnificum</strong></span> <span class='ocrx_word' id='word_1_46' title='bbox 798 1972 978 2115; x_wconf 72' lang='lat' dir='ltr'><strong>posthac3</strong></span> <span class='ocrx_word' id='word_1_47' title='bbox 994 2008 1156 2086; x_wconf 90' lang='lat' dir='ltr'><strong>horrida</strong></span> <span class='ocrx_word' id='word_1_48' title='bbox 1171 2009 1289 2085; x_wconf 85' lang='lat' dir='ltr'><strong>verba</strong></span> <span class='ocrx_word' id='word_1_49' title='bbox 1303 2008 1427 2084; x_wconf 85' lang='lat' dir='ltr'><strong>doma.</strong></span> 
     </span>
     <span class='ocr_line' id='line_1_10' title="bbox 489 2159 1352 2266; baseline -0.007 -27"><span class='ocrx_word' id='word_1_50' title='bbox 489 2167 606 2239; x_wconf 82' lang='lat' dir='ltr'><strong>Parce</strong></span> <span class='ocrx_word' id='word_1_51' title='bbox 622 2180 769 2239; x_wconf 81' lang='lat' dir='ltr'><strong>tamen:</strong></span> <span class='ocrx_word' id='word_1_52' title='bbox 786 2190 859 2266; x_wconf 90' lang='lat' dir='ltr'><strong>per</strong></span> <span class='ocrx_word' id='word_1_53' title='bbox 871 2181 909 2238; x_wconf 90' lang='lat' dir='ltr'><strong>te</strong></span> <span class='ocrx_word' id='word_1_54' title='bbox 923 2161 1058 2237; x_wconf 77' lang='lat' dir='ltr'><strong>furtivi</strong></span> <span class='ocrx_word' id='word_1_55' title='bbox 1073 2159 1225 2236; x_wconf 83' lang='lat' dir='ltr'><strong>foedera</strong></span> <span class='ocrx_word' id='word_1_56' title='bbox 1241 2160 1352 2250; x_wconf 87' lang='lat' dir='ltr'><strong>lecti,</strong></span> 
     </span>
     <span class='ocr_line' id='line_1_11' title="bbox 534 2313 1500 2417; baseline 0 -31"><span class='ocrx_word' id='word_1_57' title='bbox 534 2314 610 2387; x_wconf 92' lang='lat' dir='ltr'><strong>Per</strong></span> <span class='ocrx_word' id='word_1_58' title='bbox 623 2313 837 2400; x_wconf 87' lang='lat' dir='ltr'><strong>Venerem,</strong></span> <span class='ocrx_word' id='word_1_59' title='bbox 855 2337 1004 2417; x_wconf 66' lang='lat' dir='ltr'><strong>quaeso,</strong></span> <span class='ocrx_word' id='word_1_60' title='bbox 1022 2314 1356 2417; x_wconf 88' lang='lat' dir='ltr'><strong>compositumque</strong></span> <span class='ocrx_word' id='word_1_61' title='bbox 1370 2328 1500 2416; x_wconf 64' lang='lat' dir='ltr'><strong>capue</strong></span> 
     </span>
     <span class='ocr_line' id='line_1_12' title="bbox 488 2434 1427 2568; baseline -0.002 -27"><span class='ocrx_word' id='word_1_62' title='bbox 488 2434 561 2542; x_wconf 79' lang='lat' dir='ltr'><strong>lile</strong></span> <span class='ocrx_word' id='word_1_63' title='bbox 579 2491 668 2568; x_wconf 80' lang='lat' dir='ltr'><strong>ego,</strong></span> <span class='ocrx_word' id='word_1_64' title='bbox 689 2491 814 2567; x_wconf 90' lang='lat' dir='ltr'><strong>quum</strong></span> <span class='ocrx_word' id='word_1_65' title='bbox 830 2464 928 2539; x_wconf 87' lang='lat' dir='ltr'><strong>tristi</strong></span> <span class='ocrx_word' id='word_1_66' title='bbox 947 2464 1086 2540; x_wconf 88' lang='lat' dir='ltr'><strong>morbo</strong></span> <span class='ocrx_word' id='word_1_67' title='bbox 1107 2462 1251 2539; x_wconf 85' lang='lat' dir='ltr'><strong>defessa</strong></span> <span class='ocrx_word' id='word_1_68' title='bbox 1262 2462 1427 2567; x_wconf 86' lang='lat' dir='ltr'><strong>jaceres,</strong></span> 
     </span>
     <span class='ocr_line' id='line_1_13' title="bbox 535 2614 1146 2713; baseline -0.003 -28"><span class='ocrx_word' id='word_1_69' title='bbox 535 2617 591 2688; x_wconf 86' lang='lat' dir='ltr'><strong>Te</strong></span> <span class='ocrx_word' id='word_1_70' title='bbox 609 2616 718 2687; x_wconf 90' lang='lat' dir='ltr'><strong>dicor</strong></span> <span class='ocrx_word' id='word_1_71' title='bbox 731 2617 829 2688; x_wconf 83' lang='lat' dir='ltr'><strong>votis</strong></span> <span class='ocrx_word' id='word_1_72' title='bbox 846 2616 1029 2713; x_wconf 73' lang='lat' dir='ltr'><strong>eripuisse</strong></span> <span class='ocrx_word' id='word_1_73' title='bbox 1044 2614 1146 2686; x_wconf 87' lang='lat' dir='ltr'><strong>meis.</strong></span> 
     </span>
     <span class='ocr_line' id='line_1_14' title="bbox 489 2756 1350 2866; baseline -0.01 -28"><span class='ocrx_word' id='word_1_74' title='bbox 489 2768 655 2866; x_wconf 86' lang='lat' dir='ltr'><strong>Ipseque</strong></span> <span class='ocrx_word' id='word_1_75' title='bbox 670 2777 706 2836; x_wconf 84' lang='lat' dir='ltr'><strong>te</strong></span> <span class='ocrx_word' id='word_1_76' title='bbox 727 2762 875 2836; x_wconf 89' lang='lat' dir='ltr'><strong>circum</strong></span> <span class='ocrx_word' id='word_1_77' title='bbox 891 2760 1049 2836; x_wconf 85' lang='lat' dir='ltr'><strong>lustravi</strong></span> <span class='ocrx_word' id='word_1_78' title='bbox 1066 2756 1214 2833; x_wconf 85' lang='lat' dir='ltr'><strong>sulfure</strong></span> <span class='ocrx_word' id='word_1_79' title='bbox 1230 2780 1350 2855; x_wconf 90' lang='lat' dir='ltr'><strong>puro,</strong></span> 
     </span>
     <span class='ocr_line' id='line_1_15' title="bbox 534 2909 1379 3015; baseline -0.011 -23"><span class='ocrx_word' id='word_1_80' title='bbox 534 2913 712 2992; x_wconf 81' lang='lat' dir='ltr'><strong>Carmine</strong></span> <span class='ocrx_word' id='word_1_81' title='bbox 729 2939 818 2988; x_wconf 91' lang='lat' dir='ltr'><strong>cum</strong></span> <span class='ocrx_word' id='word_1_82' title='bbox 827 2911 973 3015; x_wconf 83' lang='lat' dir='ltr'><strong>magico</strong></span> <span class='ocrx_word' id='word_1_83' title='bbox 989 2909 1255 3015; x_wconf 81' lang='lat' dir='ltr'><strong>praeciuuisset</strong></span> <span class='ocrx_word' id='word_1_84' title='bbox 1274 2932 1379 2984; x_wconf 81' lang='lat' dir='ltr'><strong>anus.</strong></span> 
     </span>
     <span class='ocr_line' id='line_1_16' title="bbox 487 3066 1312 3169; baseline -0.011 -27"><span class='ocrx_word' id='word_1_85' title='bbox 487 3067 573 3169; x_wconf 86' lang='lat' dir='ltr'><strong>Ipse</strong></span> <span class='ocrx_word' id='word_1_86' title='bbox 586 3066 811 3169; x_wconf 77' lang='lat' dir='ltr'><strong>procuravi,</strong></span> <span class='ocrx_word' id='word_1_87' title='bbox 832 3091 881 3137; x_wconf 90' lang='lat' dir='ltr'><strong>ne</strong></span> <span class='ocrx_word' id='word_1_88' title='bbox 894 3079 1048 3167; x_wconf 85' lang='lat' dir='ltr'><strong>possent</strong></span> <span class='ocrx_word' id='word_1_89' title='bbox 1059 3087 1157 3135; x_wconf 86' lang='lat' dir='ltr'><strong>saeva</strong></span> <span class='ocrx_word' id='word_1_90' title='bbox 1171 3085 1312 3133; x_wconf 88' lang='lat' dir='ltr'><strong>nocere</strong></span> 
     </span>
     <span class='ocr_line' id='line_1_17' title="bbox 538 3210 1328 3305; baseline -0.015 -12"><span class='ocrx_word' id='word_1_91' title='bbox 538 3217 708 3305; x_wconf 85' lang='lat' dir='ltr'><strong>Somnia,</strong></span> <span class='ocrx_word' id='word_1_92' title='bbox 723 3231 781 3290; x_wconf 76' lang='lat' dir='ltr'><strong>ter</strong></span> <span class='ocrx_word' id='word_1_93' title='bbox 792 3230 920 3290; x_wconf 85' lang='lat' dir='ltr'><strong>sancta</strong></span> <span class='ocrx_word' id='word_1_94' title='bbox 936 3212 1204 3288; x_wconf 82' lang='lat' dir='ltr'><strong>deveneranda</strong></span> <span class='ocrx_word' id='word_1_95' title='bbox 1216 3210 1328 3283; x_wconf 85' lang='lat' dir='ltr'><strong>mola.</strong></span> 
     </span>
     <span class='ocr_line' id='line_1_18' title="bbox 487 3359 1326 3470; baseline -0.007 -29"><span class='ocrx_word' id='word_1_96' title='bbox 487 3368 572 3470; x_wconf 84' lang='lat' dir='ltr'><strong>Ipse</strong></span> <span class='ocrx_word' id='word_1_97' title='bbox 593 3391 662 3468; x_wconf 82' lang='lat' dir='ltr'><strong>ego</strong></span> <span class='ocrx_word' id='word_1_98' title='bbox 680 3363 827 3439; x_wconf 88' lang='lat' dir='ltr'><strong>velatus</strong></span> <span class='ocrx_word' id='word_1_99' title='bbox 844 3362 925 3450; x_wconf 88' lang='lat' dir='ltr'><strong>filo,</strong></span> <span class='ocrx_word' id='word_1_100' title='bbox 941 3359 1158 3463; x_wconf 86' lang='lat' dir='ltr'><strong>tunicisque</strong></span> <span class='ocrx_word' id='word_1_101' title='bbox 1176 3360 1326 3447; x_wconf 87' lang='lat' dir='ltr'><strong>solutis,</strong></span> 
     </span>
     <span class='ocr_line' id='line_1_19' title="bbox 536 3507 1335 3593; baseline -0.011 -3"><span class='ocrx_word' id='word_1_102' title='bbox 536 3517 638 3591; x_wconf 81' lang='lat' dir='ltr'><strong>Vota</strong></span> <span class='ocrx_word' id='word_1_103' title='bbox 651 3542 791 3593; x_wconf 87' lang='lat' dir='ltr'><strong>novem</strong></span> <span class='ocrx_word' id='word_1_104' title='bbox 804 3513 945 3589; x_wconf 84' lang='lat' dir='ltr'><strong>Triviae</strong></span> <span class='ocrx_word' id='word_1_105' title='bbox 957 3529 1072 3588; x_wconf 80' lang='lat' dir='ltr'><strong>nocte</strong></span> <span class='ocrx_word' id='word_1_106' title='bbox 1085 3510 1220 3584; x_wconf 85' lang='lat' dir='ltr'><strong>silente</strong></span> <span class='ocrx_word' id='word_1_107' title='bbox 1236 3507 1335 3585; x_wconf 89' lang='lat' dir='ltr'><strong>dedi.</strong></span> 
     </span>
    </p>
   </div>
   <div class='ocr_carea' id='block_1_6' title="bbox 486 3661 1391 3764">
    <p class='ocr_par' dir='ltr' id='par_1_6' title="bbox 486 3661 1391 3764">
     <span class='ocr_line' id='line_1_20' title="bbox 486 3661 1391 3764; baseline -0.004 -25"><span class='ocrx_word' id='word_1_108' title='bbox 486 3664 628 3740; x_wconf 83' lang='lat' dir='ltr'><strong>Omnia</strong></span> <span class='ocrx_word' id='word_1_109' title='bbox 642 3666 807 3764; x_wconf 88' lang='lat' dir='ltr'><strong>persolvi</strong></span> <span class='ocrx_word' id='word_1_110' title='bbox 820 3662 986 3737; x_wconf 83' lang='lat' dir='ltr'><strong>:fruitur</strong></span> <span class='ocrx_word' id='word_1_111' title='bbox 1000 3690 1107 3737; x_wconf 91' lang='lat' dir='ltr'><strong>nuuc</strong></span> <span class='ocrx_word' id='word_1_112' title='bbox 1124 3661 1221 3736; x_wconf 90' lang='lat' dir='ltr'><strong>alter</strong></span> <span class='ocrx_word' id='word_1_113' title='bbox 1239 3685 1391 3750; x_wconf 82' lang='lat' dir='ltr'><strong>amore,</strong></span> 
     </span>
    </p>
   </div>
   <div class='ocr_carea' id='block_1_7' title="bbox 487 3805 1516 4363">
    <p class='ocr_par' dir='ltr' id='par_1_7' title="bbox 487 3805 1516 4363">
     <span class='ocr_line' id='line_1_21' title="bbox 536 3805 1222 3911; baseline -0.009 -28"><span class='ocrx_word' id='word_1_114' title='bbox 536 3809 588 3883; x_wconf 85' lang='lat' dir='ltr'><strong>Et</strong></span> <span class='ocrx_word' id='word_1_115' title='bbox 606 3807 785 3911; x_wconf 89' lang='lat' dir='ltr'><strong>precibus</strong></span> <span class='ocrx_word' id='word_1_116' title='bbox 797 3805 891 3881; x_wconf 85' lang='lat' dir='ltr'><strong>felix</strong></span> <span class='ocrx_word' id='word_1_117' title='bbox 903 3806 1026 3879; x_wconf 82' lang='lat' dir='ltr'><strong>utitur</strong></span> <span class='ocrx_word' id='word_1_118' title='bbox 1038 3809 1102 3882; x_wconf 86' lang='lat' dir='ltr'><strong>ille</strong></span> <span class='ocrx_word' id='word_1_119' title='bbox 1120 3810 1222 3880; x_wconf 91' lang='lat' dir='ltr'><strong>meis.</strong></span> 
     </span>
     <span class='ocr_line' id='line_1_22' title="bbox 487 3954 1285 4047; baseline -0.005 -11"><span class='ocrx_word' id='word_1_120' title='bbox 487 3963 537 4036; x_wconf 82' lang='lat' dir='ltr'><strong>At</strong></span> <span class='ocrx_word' id='word_1_121' title='bbox 552 3959 647 4031; x_wconf 92' lang='lat' dir='ltr'><strong>mihi</strong></span> <span class='ocrx_word' id='word_1_122' title='bbox 663 3954 815 4032; x_wconf 84' lang='lat' dir='ltr'><strong>felicem</strong></span> <span class='ocrx_word' id='word_1_123' title='bbox 828 3956 964 4043; x_wconf 85' lang='lat' dir='ltr'><strong>vitam,</strong></span> <span class='ocrx_word' id='word_1_124' title='bbox 980 3954 1011 4029; x_wconf 87' lang='lat' dir='ltr'><strong>si</strong></span> <span class='ocrx_word' id='word_1_125' title='bbox 1023 3957 1120 4031; x_wconf 88' lang='lat' dir='ltr'><strong>salva</strong></span> <span class='ocrx_word' id='word_1_126' title='bbox 1135 3955 1285 4047; x_wconf 85' lang='lat' dir='ltr'><strong>fuisses,</strong></span> 
     </span>
     <span class='ocr_line' id='line_1_23' title="bbox 537 4107 1339 4211; baseline -0.004 -28"><span class='ocrx_word' id='word_1_127' title='bbox 537 4108 744 4211; x_wconf 81' lang='lat' dir='ltr'><strong>Fingebam</strong></span> <span class='ocrx_word' id='word_1_128' title='bbox 763 4107 935 4195; x_wconf 85' lang='lat' dir='ltr'><strong>demens,</strong></span> <span class='ocrx_word' id='word_1_129' title='bbox 957 4109 1024 4182; x_wconf 88' lang='lat' dir='ltr'><strong>sed</strong></span> <span class='ocrx_word' id='word_1_130' title='bbox 1038 4127 1227 4183; x_wconf 86' lang='lat' dir='ltr'><strong>renuente</strong></span> <span class='ocrx_word' id='word_1_131' title='bbox 1245 4108 1339 4183; x_wconf 89' lang='lat' dir='ltr'><strong>Deo.</strong></span> 
     </span>
     <span class='ocr_line' id='line_1_24' title="bbox 488 4257 1516 4363; baseline -0.005 -23"><span class='ocrx_word' id='word_1_132' title='bbox 488 4264 593 4340; x_wconf 78' lang='lat' dir='ltr'><strong>nura</strong></span> <span class='ocrx_word' id='word_1_133' title='bbox 611 4260 750 4347; x_wconf 90' lang='lat' dir='ltr'><strong>colam,</strong></span> <span class='ocrx_word' id='word_1_134' title='bbox 765 4258 1000 4363; x_wconf 78' lang='lat' dir='ltr'><strong>frugumque</strong></span> <span class='ocrx_word' id='word_1_135' title='bbox 1012 4257 1136 4333; x_wconf 86' lang='lat' dir='ltr'><strong>aderit</strong></span> <span class='ocrx_word' id='word_1_136' title='bbox 1152 4284 1237 4332; x_wconf 90' lang='lat' dir='ltr'><strong>mea</strong></span> <span class='ocrx_word' id='word_1_137' title='bbox 1249 4257 1363 4334; x_wconf 89' lang='lat' dir='ltr'><strong>Delia</strong></span> <span class='ocrx_word' id='word_1_138' title='bbox 1376 4273 1516 4349; x_wconf 77' lang='lat' dir='ltr'><strong>custos,</strong></span> 
     </span>
    </p>
   </div>
   <div class='ocr_carea' id='block_1_8' title="bbox 536 4382 1268 4491">
    <p class='ocr_par' dir='ltr' id='par_1_8' title="bbox 536 4382 1268 4491">
     <span class='ocr_line' id='line_1_25' title="bbox 536 4382 1268 4491; baseline 0.001 -6"><span class='ocrx_word' id='word_1_139' title='bbox 536 4414 636 4491; x_wconf 78' lang='lat' dir='ltr'><strong>Area</strong></span> <span class='ocrx_word' id='word_1_140' title='bbox 653 4409 747 4485; x_wconf 90' lang='lat' dir='ltr'><strong>dum</strong></span> <span class='ocrx_word' id='word_1_141' title='bbox 760 4382 896 4484; x_wconf 75' lang='lat' dir='ltr'><strong>messes</strong></span> <span class='ocrx_word' id='word_1_142' title='bbox 908 4407 988 4483; x_wconf 86' lang='lat' dir='ltr'><strong>sole</strong></span> <span class='ocrx_word' id='word_1_143' title='bbox 1000 4408 1147 4484; x_wconf 80' lang='lat' dir='ltr'><strong>calente</strong></span> <span class='ocrx_word' id='word_1_144' title='bbox 1159 4425 1268 4491; x_wconf 87' lang='lat' dir='ltr'><strong>teret.</strong></span> 
     </span>
    </p>
   </div>
   <div class='ocr_carea' id='block_1_9' title="bbox 0 0 2068 5452">
    <p class='ocr_par' dir='ltr' id='par_1_9' title="bbox 0 0 2068 5452">
     <span class='ocr_line' id='line_1_26' title="bbox 0 0 2068 5452; baseline 0 1"><span class='ocrx_word' id='word_1_145' title='bbox 0 0 2068 5452; x_wconf 95' lang='lat' dir='ltr'><strong> </strong></span> 
     </span>
    </p>
   </div>
  </div>
 </body>
</html>
