<?xml version="1.0" encoding="UTF-8"?>
<!DOCTYPE html PUBLIC "-//W3C//DTD XHTML 1.0 Transitional//EN"
    "http://www.w3.org/TR/xhtml1/DTD/xhtml1-transitional.dtd">
<html xmlns="http://www.w3.org/1999/xhtml" xml:lang="en" lang="en">
 <head>
  <title>
</title>
<meta http-equiv="Content-Type" content="text/html;charset=utf-8" />
  <meta name='ocr-system' content='tesseract 3.04.00' />
  <meta name='ocr-capabilities' content='ocr_page ocr_carea ocr_par ocr_line ocrx_word'/>
</head>
<body>
  <div class='ocr_page' id='page_1' title='image "./carminalibritre00tibugoog_0178.png"; bbox 0 0 4126 5452; ppageno 0'>
   <div class='ocr_carea' id='block_1_1' title="bbox 935 517 1201 591">
    <p class='ocr_par' dir='ltr' id='par_1_1' title="bbox 935 517 1201 591">
     <span class='ocr_line' id='line_1_1' title="bbox 935 517 1201 591; baseline -0.004 -2"><span class='ocrx_word' id='word_1_1' title='bbox 935 518 1088 590; x_wconf 81' lang='lat' dir='ltr'><strong>errs</strong></span> <span class='ocrx_word' id='word_1_2' title='bbox 1120 517 1201 591; x_wconf 86' lang='lat' dir='ltr'><strong>IV.</strong></span> 
     </span>
    </p>
   </div>
   <div class='ocr_carea' id='block_1_2' title="bbox 477 687 1550 1537">
    <p class='ocr_par' dir='ltr' id='par_1_2' title="bbox 491 687 1374 794">
     <span class='ocr_line' id='line_1_2' title="bbox 491 687 1374 794; baseline -0.002 -29"><span class='ocrx_word' id='word_1_3' title='bbox 491 691 571 766; x_wconf 85' lang='lat' dir='ltr'><strong>Nec</strong></span> <span class='ocrx_word' id='word_1_4' title='bbox 593 687 725 789; x_wconf 87' lang='lat' dir='ltr'><strong>Scyllae</strong></span> <span class='ocrx_word' id='word_1_5' title='bbox 740 710 840 762; x_wconf 84' lang='lat' dir='ltr'><strong>sacro</strong></span> <span class='ocrx_word' id='word_1_6' title='bbox 867 689 1083 763; x_wconf 89' lang='lat' dir='ltr'><strong>conterruit</strong></span> <span class='ocrx_word' id='word_1_7' title='bbox 1105 689 1271 794; x_wconf 91' lang='lat' dir='ltr'><strong>impetus</strong></span> <span class='ocrx_word' id='word_1_8' title='bbox 1290 711 1374 776; x_wconf 90' lang='lat' dir='ltr'><strong>ore,</strong></span> 
     </span>
    </p>

    <p class='ocr_par' dir='ltr' id='par_1_3' title="bbox 483 836 1550 1240">
     <span class='ocr_line' id='line_1_3' title="bbox 486 836 1550 933; baseline 0.006 -24"><span class='ocrx_word' id='word_1_9' title='bbox 486 837 585 909; x_wconf 88' lang='lat' dir='ltr'><strong>Cum</strong></span> <span class='ocrx_word' id='word_1_10' title='bbox 604 836 766 914; x_wconf 84' lang='lat' dir='ltr'><strong>canibus</strong></span> <span class='ocrx_word' id='word_1_11' title='bbox 788 836 940 915; x_wconf 87' lang='lat' dir='ltr'><strong>rabidas</strong></span> <span class='ocrx_word' id='word_1_12' title='bbox 963 840 1067 914; x_wconf 90' lang='lat' dir='ltr'><strong>inter</strong></span> <span class='ocrx_word' id='word_1_13' title='bbox 1087 839 1187 916; x_wconf 80' lang='lat' dir='ltr'><strong>freta</strong></span> <span class='ocrx_word' id='word_1_14' title='bbox 1209 839 1386 916; x_wconf 77' lang='lat' dir='ltr'><strong>sorberet</strong></span> <span class='ocrx_word' id='word_1_15' title='bbox 1406 837 1550 933; x_wconf 75' lang='lat' dir='ltr'><strong>undas3</strong></span> 
     </span>
     <span class='ocr_line' id='line_1_4' title="bbox 483 983 1461 1094; baseline 0.006 -35"><span class='ocrx_word' id='word_1_16' title='bbox 483 983 567 1059; x_wconf 86' lang='lat' dir='ltr'><strong>Nec</strong></span> <span class='ocrx_word' id='word_1_17' title='bbox 589 984 758 1060; x_wconf 82' lang='lat' dir='ltr'><strong>violenta</strong></span> <span class='ocrx_word' id='word_1_18' title='bbox 774 1012 845 1061; x_wconf 92' lang='lat' dir='ltr'><strong>suo</strong></span> <span class='ocrx_word' id='word_1_19' title='bbox 866 988 1077 1062; x_wconf 83' lang='lat' dir='ltr'><strong>consumsit</strong></span> <span class='ocrx_word' id='word_1_20' title='bbox 1097 1015 1207 1064; x_wconf 92' lang='lat' dir='ltr'><strong>more</strong></span> <span class='ocrx_word' id='word_1_21' title='bbox 1224 988 1461 1094; x_wconf 52' lang='lat' dir='ltr'><strong>Charybdim</strong></span> 
     </span>
     <span class='ocr_line' id='line_1_5' title="bbox 483 1131 1338 1240; baseline 0.011 -35"><span class='ocrx_word' id='word_1_22' title='bbox 483 1132 557 1206; x_wconf 90' lang='lat' dir='ltr'><strong>Vel</strong></span> <span class='ocrx_word' id='word_1_23' title='bbox 578 1131 610 1204; x_wconf 90' lang='lat' dir='ltr'><strong>si</strong></span> <span class='ocrx_word' id='word_1_24' title='bbox 630 1131 802 1209; x_wconf 88' lang='lat' dir='ltr'><strong>sublimis</strong></span> <span class='ocrx_word' id='word_1_25' title='bbox 823 1132 949 1210; x_wconf 85' lang='lat' dir='ltr'><strong>fluctu</strong></span> <span class='ocrx_word' id='word_1_26' title='bbox 971 1154 1219 1240; x_wconf 70' lang='lat' dir='ltr'><strong>consurgeret</strong></span> <span class='ocrx_word' id='word_1_27' title='bbox 1241 1138 1338 1231; x_wconf 89' lang='lat' dir='ltr'><strong>imo,</strong></span> 
     </span>
    </p>

    <p class='ocr_par' dir='ltr' id='par_1_4' title="bbox 481 1279 1417 1391">
     <span class='ocr_line' id='line_1_6' title="bbox 481 1279 1417 1391; baseline 0.017 -39"><span class='ocrx_word' id='word_1_28' title='bbox 481 1279 557 1355; x_wconf 90' lang='lat' dir='ltr'><strong>Vel</strong></span> <span class='ocrx_word' id='word_1_29' title='bbox 579 1280 611 1355; x_wconf 86' lang='lat' dir='ltr'><strong>si</strong></span> <span class='ocrx_word' id='word_1_30' title='bbox 634 1279 855 1382; x_wconf 87' lang='lat' dir='ltr'><strong>interrupto</strong></span> <span class='ocrx_word' id='word_1_31' title='bbox 878 1279 1045 1358; x_wconf 89' lang='lat' dir='ltr'><strong>nudaret</strong></span> <span class='ocrx_word' id='word_1_32' title='bbox 1067 1289 1216 1388; x_wconf 76' lang='lat' dir='ltr'><strong>gurgite</strong></span> <span class='ocrx_word' id='word_1_33' title='bbox 1237 1301 1417 1391; x_wconf 67' lang='lat' dir='ltr'><strong>pontum·</strong></span> 
     </span>
    </p>

    <p class='ocr_par' dir='ltr' id='par_1_5' title="bbox 477 1430 1335 1537">
     <span class='ocr_line' id='line_1_7' title="bbox 477 1430 1335 1537; baseline 0.006 -29"><span class='ocrx_word' id='word_1_34' title='bbox 477 1431 568 1508; x_wconf 83' lang='lat' dir='ltr'><strong>Non</strong></span> <span class='ocrx_word' id='word_1_35' title='bbox 587 1430 728 1506; x_wconf 85' lang='lat' dir='ltr'><strong>violata</strong></span> <span class='ocrx_word' id='word_1_36' title='bbox 746 1431 829 1532; x_wconf 82' lang='lat' dir='ltr'><strong>vagi</strong></span> <span class='ocrx_word' id='word_1_37' title='bbox 845 1430 1032 1510; x_wconf 78' lang='lat' dir='ltr'><strong>sileantur</strong></span> <span class='ocrx_word' id='word_1_38' title='bbox 1054 1456 1199 1537; x_wconf 83' lang='lat' dir='ltr'><strong>pascua</strong></span> <span class='ocrx_word' id='word_1_39' title='bbox 1220 1436 1335 1526; x_wconf 88' lang='lat' dir='ltr'><strong>Solis,</strong></span> 
     </span>
    </p>
   </div>
   <div class='ocr_carea' id='block_1_3' title="bbox 468 1546 1707 1693">
    <p class='ocr_par' dir='ltr' id='par_1_6' title="bbox 468 1546 1707 1693">
     <span class='ocr_line' id='line_1_8' title="bbox 468 1546 1707 1693; baseline 0.009 -39"><span class='ocrx_word' id='word_1_40' title='bbox 468 1546 572 1657; x_wconf 28' lang='lat' dir='ltr'><strong>&#39;Non</strong></span> <span class='ocrx_word' id='word_1_41' title='bbox 595 1604 723 1667; x_wconf 87' lang='lat' dir='ltr'><strong>amor,</strong></span> <span class='ocrx_word' id='word_1_42' title='bbox 744 1592 784 1653; x_wconf 92' lang='lat' dir='ltr'><strong>et</strong></span> <span class='ocrx_word' id='word_1_43' title='bbox 801 1576 989 1655; x_wconf 78' lang='lat' dir='ltr'><strong>foecunda</strong></span> <span class='ocrx_word' id='word_1_44' title='bbox 1007 1582 1226 1663; x_wconf 77' lang='lat' dir='ltr'><strong>Atlantidos</strong></span> <span class='ocrx_word' id='word_1_45' title='bbox 1245 1613 1338 1664; x_wconf 85' lang='lat' dir='ltr'><strong>srva</strong></span> <span class='ocrx_word' id='word_1_46' title='bbox 1360 1587 1569 1693; x_wconf 76' lang='lat' dir='ltr'><strong>Calypsus,</strong></span> <span class='ocrx_word' id='word_1_47' title='bbox 1701 1588 1707 1597; x_wconf 84' lang='lat'>&#39;</span> 
     </span>
    </p>
   </div>
   <div class='ocr_carea' id='block_1_4' title="bbox 428 1731 1790 4551">
    <p class='ocr_par' dir='ltr' id='par_1_7' title="bbox 468 1731 1624 4246">
     <span class='ocr_line' id='line_1_9' title="bbox 481 1731 1329 1815; baseline 0.011 -9"><span class='ocrx_word' id='word_1_48' title='bbox 481 1731 587 1806; x_wconf 83' lang='lat' dir='ltr'><strong>Finis</strong></span> <span class='ocrx_word' id='word_1_49' title='bbox 605 1748 645 1807; x_wconf 88' lang='lat' dir='ltr'><strong>et</strong></span> <span class='ocrx_word' id='word_1_50' title='bbox 661 1757 840 1807; x_wconf 87' lang='lat' dir='ltr'><strong>errorum</strong></span> <span class='ocrx_word' id='word_1_51' title='bbox 854 1733 996 1807; x_wconf 88' lang='lat' dir='ltr'><strong>misero</strong></span> <span class='ocrx_word' id='word_1_52' title='bbox 1014 1735 1185 1812; x_wconf 86' lang='lat' dir='ltr'><strong>Phaeaeia</strong></span> <span class='ocrx_word' id='word_1_53' title='bbox 1204 1740 1329 1815; x_wconf 88' lang='lat' dir='ltr'><strong>tellus.</strong></span> 
     </span>
     <span class='ocr_line' id='line_1_10' title="bbox 486 1868 1522 1987; baseline 0.005 -28"><span class='ocrx_word' id='word_1_54' title='bbox 486 1886 616 1984; x_wconf 76' lang='lat' dir='ltr'><strong>Atque</strong></span> <span class='ocrx_word' id='word_1_55' title='bbox 631 1882 714 1958; x_wconf 86' lang='lat' dir='ltr'><strong>haec</strong></span> <span class='ocrx_word' id='word_1_56' title='bbox 732 1868 803 1957; x_wconf 79' lang='lat' dir='ltr'><strong>seu</strong></span> <span class='ocrx_word' id='word_1_57' title='bbox 821 1897 968 1958; x_wconf 86' lang='lat' dir='ltr'><strong>nostras</strong></span> <span class='ocrx_word' id='word_1_58' title='bbox 985 1883 1195 1961; x_wconf 88' lang='lat' dir='ltr'><strong>intersunt</strong></span> <span class='ocrx_word' id='word_1_59' title='bbox 1212 1889 1365 1987; x_wconf 88' lang='lat' dir='ltr'><strong>cognita</strong></span> <span class='ocrx_word' id='word_1_60' title='bbox 1382 1901 1522 1979; x_wconf 87' lang='lat' dir='ltr'><strong>terras,</strong></span> 
     </span>
     <span class='ocr_line' id='line_1_11' title="bbox 474 2032 1481 2121; baseline -0.005 -10"><span class='ocrx_word' id='word_1_61' title='bbox 474 2034 623 2121; x_wconf 78' lang='lat' dir='ltr'><strong>Fabula</strong></span> <span class='ocrx_word' id='word_1_62' title='bbox 641 2033 719 2109; x_wconf 83' lang='lat' dir='ltr'><strong>sive</strong></span> <span class='ocrx_word' id='word_1_63' title='bbox 738 2058 885 2109; x_wconf 82' lang='lat' dir='ltr'><strong>norum</strong></span> <span class='ocrx_word' id='word_1_64' title='bbox 903 2032 1011 2108; x_wconf 87' lang='lat' dir='ltr'><strong>dedit</strong></span> <span class='ocrx_word' id='word_1_65' title='bbox 1026 2034 1087 2110; x_wconf 87' lang='lat' dir='ltr'><strong>his</strong></span> <span class='ocrx_word' id='word_1_66' title='bbox 1108 2032 1306 2111; x_wconf 86' lang='lat' dir='ltr'><strong>erroiibus</strong></span> <span class='ocrx_word' id='word_1_67' title='bbox 1327 2036 1481 2111; x_wconf 84' lang='lat' dir='ltr'><strong>orbem:</strong></span> 
     </span>
     <span class='ocr_line' id='line_1_12' title="bbox 479 2157 1455 2285; baseline -0.006 -24"><span class='ocrx_word' id='word_1_68' title='bbox 479 2186 536 2261; x_wconf 88' lang='lat' dir='ltr'><strong>Sit</strong></span> <span class='ocrx_word' id='word_1_69' title='bbox 559 2184 673 2260; x_wconf 81' lang='lat' dir='ltr'><strong>labor</strong></span> <span class='ocrx_word' id='word_1_70' title='bbox 692 2184 816 2275; x_wconf 87' lang='lat' dir='ltr'><strong>illius,</strong></span> <span class='ocrx_word' id='word_1_71' title='bbox 840 2199 906 2260; x_wconf 91' lang='lat' dir='ltr'><strong>tua</strong></span> <span class='ocrx_word' id='word_1_72' title='bbox 930 2182 1026 2260; x_wconf 90' lang='lat' dir='ltr'><strong>dum</strong></span> <span class='ocrx_word' id='word_1_73' title='bbox 1047 2181 1227 2258; x_wconf 86' lang='lat' dir='ltr'><strong>facundia</strong></span> <span class='ocrx_word' id='word_1_74' title='bbox 1247 2180 1382 2285; x_wconf 83' lang='lat' dir='ltr'><strong>major.</strong></span> <span class='ocrx_word' id='word_1_75' title='bbox 1452 2157 1455 2164; x_wconf 28' lang='lat'>³</span> 
     </span>
     <span class='ocr_line' id='line_1_13' title="bbox 476 2334 1368 2438; baseline -0.003 -27"><span class='ocrx_word' id='word_1_76' title='bbox 476 2338 498 2411; x_wconf 88' lang='lat' dir='ltr'>J</span> <span class='ocrx_word' id='word_1_77' title='bbox 504 2363 567 2412; x_wconf 91' lang='lat' dir='ltr'><strong>am</strong></span> <span class='ocrx_word' id='word_1_78' title='bbox 586 2352 623 2412; x_wconf 91' lang='lat' dir='ltr'><strong>te</strong></span> <span class='ocrx_word' id='word_1_79' title='bbox 645 2360 728 2412; x_wconf 87' lang='lat' dir='ltr'><strong>non</strong></span> <span class='ocrx_word' id='word_1_80' title='bbox 747 2334 845 2411; x_wconf 81' lang='lat' dir='ltr'><strong>alius</strong></span> <span class='ocrx_word' id='word_1_81' title='bbox 863 2335 958 2412; x_wconf 88' lang='lat' dir='ltr'><strong>belli</strong></span> <span class='ocrx_word' id='word_1_82' title='bbox 978 2350 1084 2412; x_wconf 83' lang='lat' dir='ltr'><strong>tenet</strong></span> <span class='ocrx_word' id='word_1_83' title='bbox 1101 2335 1228 2438; x_wconf 81' lang='lat' dir='ltr'><strong>aptius</strong></span> <span class='ocrx_word' id='word_1_84' title='bbox 1248 2351 1368 2410; x_wconf 85' lang='lat' dir='ltr'><strong>artes:</strong></span> 
     </span>
     <span class='ocr_line' id='line_1_14' title="bbox 478 2484 1505 2592; baseline -0.002 -29"><span class='ocrx_word' id='word_1_85' title='bbox 478 2493 568 2587; x_wconf 86' lang='lat' dir='ltr'><strong>Qua</strong></span> <span class='ocrx_word' id='word_1_86' title='bbox 590 2490 726 2565; x_wconf 82' lang='lat' dir='ltr'><strong>deceat</strong></span> <span class='ocrx_word' id='word_1_87' title='bbox 752 2505 878 2565; x_wconf 88' lang='lat' dir='ltr'><strong>tutam</strong></span> <span class='ocrx_word' id='word_1_88' title='bbox 900 2486 1032 2564; x_wconf 84' lang='lat' dir='ltr'><strong>castris</strong></span> <span class='ocrx_word' id='word_1_89' title='bbox 1055 2487 1285 2592; x_wconf 77' lang='lat' dir='ltr'><strong>praeducere</strong></span> <span class='ocrx_word' id='word_1_90' title='bbox 1307 2484 1462 2583; x_wconf 80' lang='lat' dir='ltr'><strong>fossam3</strong></span> <span class='ocrx_word' id='word_1_91' title='bbox 1502 2502 1505 2507; x_wconf 85' lang='grc'><em>·</em></span> 
     </span>
     <span class='ocr_line' id='line_1_15' title="bbox 476 2638 1318 2740; baseline -0.002 -25"><span class='ocrx_word' id='word_1_92' title='bbox 476 2640 653 2740; x_wconf 86' lang='lat' dir='ltr'><strong>Qualiter</strong></span> <span class='ocrx_word' id='word_1_93' title='bbox 668 2642 848 2716; x_wconf 86' lang='lat' dir='ltr'><strong>adversos</strong></span> <span class='ocrx_word' id='word_1_94' title='bbox 866 2639 967 2714; x_wconf 86' lang='lat' dir='ltr'><strong>hosti</strong></span> <span class='ocrx_word' id='word_1_95' title='bbox 984 2638 1151 2738; x_wconf 87' lang='lat' dir='ltr'><strong>defigere</strong></span> <span class='ocrx_word' id='word_1_96' title='bbox 1166 2663 1318 2730; x_wconf 84' lang='lat' dir='ltr'><strong>cervos;</strong></span> 
     </span>
     <span class='ocr_line' id='line_1_16' title="bbox 478 2782 1519 2891; baseline -0.005 -26"><span class='ocrx_word' id='word_1_97' title='bbox 478 2793 655 2891; x_wconf 84' lang='lat' dir='ltr'><strong>Quemre</strong></span> <span class='ocrx_word' id='word_1_98' title='bbox 672 2791 802 2869; x_wconf 86' lang='lat' dir='ltr'><strong>losum</strong></span> <span class='ocrx_word' id='word_1_99' title='bbox 821 2791 941 2867; x_wconf 90' lang='lat' dir='ltr'><strong>ducto</strong></span> <span class='ocrx_word' id='word_1_100' title='bbox 962 2782 1101 2865; x_wconf 88' lang='lat' dir='ltr'><strong>melius</strong></span> <span class='ocrx_word' id='word_1_101' title='bbox 1123 2788 1175 2863; x_wconf 86' lang='lat' dir='ltr'><strong>sit</strong></span> <span class='ocrx_word' id='word_1_102' title='bbox 1195 2786 1376 2865; x_wconf 84' lang='lat' dir='ltr'><strong>claudere</strong></span> <span class='ocrx_word' id='word_1_103' title='bbox 1395 2788 1519 2866; x_wconf 84' lang='lat' dir='ltr'><strong>vallo:</strong></span> 
     </span>
     <span class='ocr_line' id='line_1_17' title="bbox 476 2939 1504 3047; baseline -0.004 -26"><span class='ocrx_word' id='word_1_104' title='bbox 476 2947 665 3046; x_wconf 84' lang='lat' dir='ltr'><strong>Fontibus</strong></span> <span class='ocrx_word' id='word_1_105' title='bbox 684 2963 731 3021; x_wconf 92' lang='lat' dir='ltr'><strong>ut</strong></span> <span class='ocrx_word' id='word_1_106' title='bbox 747 2943 879 3022; x_wconf 86' lang='lat' dir='ltr'><strong>dulces</strong></span> <span class='ocrx_word' id='word_1_107' title='bbox 897 2957 1076 3047; x_wconf 88' lang='lat' dir='ltr'><strong>erumpat</strong></span> <span class='ocrx_word' id='word_1_108' title='bbox 1094 2956 1196 3016; x_wconf 88' lang='lat' dir='ltr'><strong>terra</strong></span> <span class='ocrx_word' id='word_1_109' title='bbox 1217 2939 1413 3042; x_wconf 85' lang='lat' dir='ltr'><strong>liquores,</strong></span> <span class='ocrx_word' id='word_1_110' title='bbox 1498 2987 1504 2997; x_wconf 94' lang='lat'><strong>·</strong></span> 
     </span>
     <span class='ocr_line' id='line_1_18' title="bbox 476 3091 1428 3197; baseline -0.007 -26"><span class='ocrx_word' id='word_1_111' title='bbox 476 3097 531 3172; x_wconf 88' lang='lat' dir='ltr'><strong>Ut</strong></span> <span class='ocrx_word' id='word_1_112' title='bbox 545 3096 745 3197; x_wconf 85' lang='lat' dir='ltr'><strong>facilisque</strong></span> <span class='ocrx_word' id='word_1_113' title='bbox 763 3096 838 3169; x_wconf 90' lang='lat' dir='ltr'><strong>tuis</strong></span> <span class='ocrx_word' id='word_1_114' title='bbox 857 3093 983 3168; x_wconf 91' lang='lat' dir='ltr'><strong>aditus</strong></span> <span class='ocrx_word' id='word_1_115' title='bbox 999 3091 1064 3181; x_wconf 89' lang='lat' dir='ltr'><strong>sit,</strong></span> <span class='ocrx_word' id='word_1_116' title='bbox 1086 3107 1125 3166; x_wconf 93' lang='lat' dir='ltr'><strong>et</strong></span> <span class='ocrx_word' id='word_1_117' title='bbox 1146 3091 1292 3165; x_wconf 83' lang='lat' dir='ltr'><strong>arduus</strong></span> <span class='ocrx_word' id='word_1_118' title='bbox 1312 3091 1428 3177; x_wconf 87' lang='lat' dir='ltr'><strong>hosti,</strong></span> 
     </span>
     <span class='ocr_line' id='line_1_19' title="bbox 471 3239 1624 3346; baseline -0.006 -26"><span class='ocrx_word' id='word_1_119' title='bbox 471 3245 613 3320; x_wconf 82' lang='lat' dir='ltr'><strong>Laudis</strong></span> <span class='ocrx_word' id='word_1_120' title='bbox 639 3257 679 3319; x_wconf 89' lang='lat' dir='ltr'><strong>et</strong></span> <span class='ocrx_word' id='word_1_121' title='bbox 698 3242 848 3316; x_wconf 86' lang='lat' dir='ltr'><strong>assiduo</strong></span> <span class='ocrx_word' id='word_1_122' title='bbox 867 3241 994 3346; x_wconf 84' lang='lat' dir='ltr'><strong>vigeat</strong></span> <span class='ocrx_word' id='word_1_123' title='bbox 1014 3239 1382 3318; x_wconf 12' lang='lat' dir='ltr'><strong>certaminermiles:</strong></span> <span class='ocrx_word' id='word_1_124' title='bbox 1426 3270 1441 3305; x_wconf 64' lang='lat' dir='ltr'><strong>s</strong></span> <span class='ocrx_word' id='word_1_125' title='bbox 1552 3296 1555 3301; x_wconf 77' lang='lat'>-</span> <span class='ocrx_word' id='word_1_126' title='bbox 1622 3276 1624 3283; x_wconf 36' lang='lat' dir='ltr'>v</span> 
     </span>
     <span class='ocr_line' id='line_1_20' title="bbox 470 3391 1541 3494; baseline -0.004 -23"><span class='ocrx_word' id='word_1_127' title='bbox 470 3396 570 3494; x_wconf 88' lang='lat' dir='ltr'><strong>Quis</strong></span> <span class='ocrx_word' id='word_1_128' title='bbox 589 3393 783 3470; x_wconf 83' lang='lat' dir='ltr'><strong>tardamve</strong></span> <span class='ocrx_word' id='word_1_129' title='bbox 801 3393 938 3470; x_wconf 88' lang='lat' dir='ltr'><strong>sudem</strong></span> <span class='ocrx_word' id='word_1_130' title='bbox 953 3391 1109 3482; x_wconf 88' lang='lat' dir='ltr'><strong>melius,</strong></span> <span class='ocrx_word' id='word_1_131' title='bbox 1129 3391 1346 3467; x_wconf 81' lang='lat' dir='ltr'><strong>ceteremve</strong></span> <span class='ocrx_word' id='word_1_132' title='bbox 1367 3391 1541 3492; x_wconf 82' lang='lat' dir='ltr'><strong>sagittam</strong></span> 
     </span>
     <span class='ocr_line' id='line_1_21' title="bbox 475 3542 1371 3648; baseline 0.001 -33"><span class='ocrx_word' id='word_1_133' title='bbox 475 3542 640 3632; x_wconf 81' lang='lat' dir='ltr'><strong>lecerit,</strong></span> <span class='ocrx_word' id='word_1_134' title='bbox 665 3559 734 3618; x_wconf 85' lang='lat' dir='ltr'><strong>sut</strong></span> <span class='ocrx_word' id='word_1_135' title='bbox 751 3543 857 3618; x_wconf 87' lang='lat' dir='ltr'><strong>lento</strong></span> <span class='ocrx_word' id='word_1_136' title='bbox 876 3543 1109 3648; x_wconf 83' lang='lat' dir='ltr'><strong>perfregerit</strong></span> <span class='ocrx_word' id='word_1_137' title='bbox 1131 3545 1245 3619; x_wconf 78' lang='lat' dir='ltr'><strong>obvia</strong></span> <span class='ocrx_word' id='word_1_138' title='bbox 1267 3544 1371 3647; x_wconf 84' lang='lat' dir='ltr'><strong>pilo;</strong></span> 
     </span>
     <span class='ocr_line' id='line_1_22' title="bbox 470 3692 1595 3798; baseline -0.001 -28"><span class='ocrx_word' id='word_1_139' title='bbox 470 3696 550 3770; x_wconf 77' lang='lat' dir='ltr'><strong>Aut</strong></span> <span class='ocrx_word' id='word_1_140' title='bbox 574 3693 661 3797; x_wconf 90' lang='lat' dir='ltr'><strong>quis</strong></span> <span class='ocrx_word' id='word_1_141' title='bbox 683 3718 831 3796; x_wconf 88' lang='lat' dir='ltr'><strong>equum</strong></span> <span class='ocrx_word' id='word_1_142' title='bbox 851 3694 1019 3772; x_wconf 88' lang='lat' dir='ltr'><strong>celerem</strong></span> <span class='ocrx_word' id='word_1_143' title='bbox 1042 3710 1188 3772; x_wconf 80' lang='lat' dir='ltr'><strong>arctato</strong></span> <span class='ocrx_word' id='word_1_144' title='bbox 1214 3718 1460 3798; x_wconf 86' lang='lat' dir='ltr'><strong>compescere</strong></span> <span class='ocrx_word' id='word_1_145' title='bbox 1480 3692 1595 3769; x_wconf 88' lang='lat' dir='ltr'><strong>freno</strong></span> 
     </span>
     <span class='ocr_line' id='line_1_23' title="bbox 468 3841 1403 3954; baseline 0.001 -37"><span class='ocrx_word' id='word_1_146' title='bbox 468 3843 603 3933; x_wconf 77' lang='lat' dir='ltr'><strong>Posuit,</strong></span> <span class='ocrx_word' id='word_1_147' title='bbox 623 3856 664 3918; x_wconf 87' lang='lat' dir='ltr'><strong>et</strong></span> <span class='ocrx_word' id='word_1_148' title='bbox 680 3841 816 3954; x_wconf 77' lang='lat' dir='ltr'><strong>effusas</strong></span> <span class='ocrx_word' id='word_1_149' title='bbox 838 3841 950 3915; x_wconf 87' lang='lat' dir='ltr'><strong>tardo</strong></span> <span class='ocrx_word' id='word_1_150' title='bbox 968 3845 1193 3944; x_wconf 86' lang='lat' dir='ltr'><strong>permittere</strong></span> <span class='ocrx_word' id='word_1_151' title='bbox 1214 3842 1403 3937; x_wconf 59' lang='lat' dir='ltr'><strong>habenae</strong></span> 
     </span>
     <span class='ocr_line' id='line_1_24' title="bbox 471 3991 1457 4093; baseline 0.007 -29"><span class='ocrx_word' id='word_1_152' title='bbox 471 3995 599 4093; x_wconf 84' lang='lat' dir='ltr'><strong>Inque</strong></span> <span class='ocrx_word' id='word_1_153' title='bbox 616 3994 742 4070; x_wconf 84' lang='lat' dir='ltr'><strong>vicem</strong></span> <span class='ocrx_word' id='word_1_154' title='bbox 759 3992 879 4073; x_wconf 83' lang='lat' dir='ltr'><strong>modo</strong></span> <span class='ocrx_word' id='word_1_155' title='bbox 895 3991 1048 4072; x_wconf 84' lang='lat' dir='ltr'><strong>directo</strong></span> <span class='ocrx_word' id='word_1_156' title='bbox 1066 3997 1301 4073; x_wconf 86' lang='lat' dir='ltr'><strong>contendere</strong></span> <span class='ocrx_word' id='word_1_157' title='bbox 1322 4020 1457 4087; x_wconf 80' lang='lat' dir='ltr'><strong>cursu3</strong></span> 
     </span>
     <span class='ocr_line' id='line_1_25' title="bbox 477 4141 1385 4246; baseline 0 -29"><span class='ocrx_word' id='word_1_158' title='bbox 477 4141 552 4217; x_wconf 89' lang='lat' dir='ltr'><strong>Seu</strong></span> <span class='ocrx_word' id='word_1_159' title='bbox 569 4142 688 4214; x_wconf 82' lang='lat' dir='ltr'><strong>libeat</strong></span> <span class='ocrx_word' id='word_1_160' title='bbox 699 4166 824 4215; x_wconf 83' lang='lat' dir='ltr'><strong>curro</strong></span> <span class='ocrx_word' id='word_1_161' title='bbox 842 4143 999 4218; x_wconf 86' lang='lat' dir='ltr'><strong>brevius</strong></span> <span class='ocrx_word' id='word_1_162' title='bbox 1012 4145 1252 4245; x_wconf 82' lang='lat' dir='ltr'><strong>compellere</strong></span> <span class='ocrx_word' id='word_1_163' title='bbox 1269 4170 1366 4246; x_wconf 85' lang='lat' dir='ltr'><strong>gyro</strong></span> <span class='ocrx_word' id='word_1_164' title='bbox 1372 4174 1385 4232; x_wconf 64' lang='grc' dir='ltr'>ς</span> 
     </span>
    </p>

    <p class='ocr_par' dir='ltr' id='par_1_8' title="bbox 448 4287 1418 4406">
     <span class='ocr_line' id='line_1_26' title="bbox 448 4287 1418 4406; baseline -0.001 -39"><span class='ocrx_word' id='word_1_165' title='bbox 448 4402 450 4406; x_wconf 10' lang='grc' dir='ltr'><em>Α</em></span> <span class='ocrx_word' id='word_1_166' title='bbox 468 4291 586 4394; x_wconf 86' lang='lat' dir='ltr'><strong>Quis,</strong></span> <span class='ocrx_word' id='word_1_167' title='bbox 604 4314 741 4395; x_wconf 80' lang='lat' dir='ltr'><strong>parma</strong></span> <span class='ocrx_word' id='word_1_168' title='bbox 755 4313 825 4365; x_wconf 90' lang='lat' dir='ltr'><strong>seu</strong></span> <span class='ocrx_word' id='word_1_169' title='bbox 841 4287 977 4364; x_wconf 85' lang='lat' dir='ltr'><strong>dextra</strong></span> <span class='ocrx_word' id='word_1_170' title='bbox 992 4291 1088 4365; x_wconf 85' lang='lat' dir='ltr'><strong>velit</strong></span> <span class='ocrx_word' id='word_1_171' title='bbox 1102 4317 1172 4368; x_wconf 93' lang='lat' dir='ltr'><strong>seu</strong></span> <span class='ocrx_word' id='word_1_172' title='bbox 1186 4293 1282 4368; x_wconf 82' lang='lat' dir='ltr'><strong>laeva</strong></span> <span class='ocrx_word' id='word_1_173' title='bbox 1297 4290 1418 4382; x_wconf 84' lang='lat' dir='ltr'><strong>tueri,</strong></span> 
     </span>
    </p>

    <p class='ocr_par' dir='ltr' id='par_1_9' title="bbox 428 4438 1790 4551">
     <span class='ocr_line' id='line_1_27' title="bbox 428 4438 1790 4551; baseline 0.001 -31"><span class='ocrx_word' id='word_1_174' title='bbox 428 4488 432 4495; x_wconf 91' lang='lat'><em>-</em></span> <span class='ocrx_word' id='word_1_175' title='bbox 476 4442 566 4521; x_wconf 74' lang='lat' dir='ltr'><strong>Sive</strong></span> <span class='ocrx_word' id='word_1_176' title='bbox 583 4439 753 4521; x_wconf 74' lang='lat' dir='ltr'><strong>mosivo</strong></span> <span class='ocrx_word' id='word_1_177' title='bbox 770 4438 859 4519; x_wconf 82' lang='lat' dir='ltr'><strong>illac</strong></span> <span class='ocrx_word' id='word_1_178' title='bbox 874 4438 1008 4519; x_wconf 75' lang='lat' dir='ltr'><strong>veniet</strong></span> <span class='ocrx_word' id='word_1_179' title='bbox 1025 4442 1149 4548; x_wconf 83' lang='lat' dir='ltr'><strong>gravis</strong></span> <span class='ocrx_word' id='word_1_180' title='bbox 1168 4441 1337 4551; x_wconf 85' lang='lat' dir='ltr'><strong>impetus</strong></span> <span class='ocrx_word' id='word_1_181' title='bbox 1355 4442 1497 4536; x_wconf 78' lang='lat' dir='ltr'><strong>haste,</strong></span> <span class='ocrx_word' id='word_1_182' title='bbox 1621 4498 1624 4503; x_wconf 92' lang='lat'>-</span> <span class='ocrx_word' id='word_1_183' title='bbox 1665 4498 1668 4503; x_wconf 92' lang='lat'>-</span> <span class='ocrx_word' id='word_1_184' title='bbox 1714 4496 1721 4523; x_wconf 74' lang='grc'><strong>-,</strong></span> <span class='ocrx_word' id='word_1_185' title='bbox 1771 4494 1790 4505; x_wconf 91' lang='grc'><strong>--</strong></span> 
     </span>
    </p>
   </div>
   <div class='ocr_carea' id='block_1_5' title="bbox 0 0 2071 5452">
    <p class='ocr_par' dir='ltr' id='par_1_10' title="bbox 0 0 2071 5452">
     <span class='ocr_line' id='line_1_28' title="bbox 0 0 2071 5452; baseline 0 0"><span class='ocrx_word' id='word_1_186' title='bbox 0 0 2071 5452; x_wconf 95' lang='lat' dir='ltr'><strong> </strong></span> 
     </span>
    </p>
   </div>
  </div>
 </body>
</html>
