4126 5452
850 993 1106 1078 ELEGIA
1136 993 1233 1076 ΙΙΙ.

472 1187 539 1345 Is
552 1287 621 1335 tri
636 1284 652 1334 s
673 1260 805 1364 AEgeas
822 1260 905 1335 sine
920 1284 1004 1349 me,
1023 1255 1201 1348 Messala,
1216 1278 1290 1359 per
1302 1253 1449 1343 undass

526 1420 558 1487 Ο
577 1416 726 1489 utinam
738 1439 945 1498 memores,
964 1411 1045 1514 ipse
1063 1405 1302 1507 cohorsque,
1314 1405 1410 1481 meil

475 1567 543 1642 Me
557 1584 662 1641 tenet
678 1564 816 1668 ignotis
827 1589 973 1664 ugrum
988 1559 1159 1636 Phaeaeia
1171 1559 1300 1651 terris,

526 1715 723 1793 Abstineas
739 1716 888 1801 avidas,
902 1740 1020 1797 mors,
1036 1737 1193 1813 precor,
1210 1729 1291 1783 atra
1309 1737 1454 1785 manus.

478 1869 694 1953 Abstineas,
709 1893 811 1940 mors
829 1883 926 1949 atra,
946 1886 1104 1964 precor-3
1120 1887 1200 1933 non
1216 1857 1282 1933 hic
1294 1859 1389 1935 mihi
1406 1876 1540 1947 muter,
1771 1850 1792 1902 '⁵

528 2017 627 2113 Quae
646 2016 744 2118 legat
763 2015 803 2087 in
818 2030 972 2086 moestos
985 2035 1064 2084 ossa
1076 2028 1232 2115 perusta
1249 2009 1376 2100 sinus;

445 2224 448 2228 .
479 2166 568 2241 Non
582 2193 710 2256 soror,
729 2167 900 2270 Assyrios
911 2166 1035 2240 cineri
1048 2191 1136 2266 quae
1153 2162 1271 2239 dedat
1284 2161 1444 2253 odores,

530 2313 580 2386 Et
601 2310 690 2387 lleat
713 2312 841 2388 effusis
861 2330 950 2387 ente
970 2314 1148 2415 sepulcra
1171 2314 1312 2406 comis;

483 2463 597 2540 Delia
620 2490 700 2539 non
720 2462 887 2569 usquam
906 2481 989 2540 est:
1016 2494 1104 2569 quse
1131 2493 1193 2544 me
1210 2495 1328 2570 quam
1343 2468 1514 2544 mitteret
1532 2464 1651 2558 urbe,

531 2616 691 2689 Dicitur
712 2633 800 2688 unte
818 2641 952 2688 omnes
968 2618 1207 2689 consuluisse
1226 2618 1338 2692 Deos
1773 2628 1800 2662 ¹⁶

427 2834 433 2841 ,
485 2762 557 2838 Illa
570 2784 694 2833 sacras
706 2760 821 2864 pueri
834 2779 955 2837 sortes
967 2778 1025 2836 ter
1041 2763 1216 2838 sustulit:
1233 2762 1290 2839 illi

536 2910 699 2986 Rettulit
719 2936 740 2986 e
758 2910 878 2987 triviis
893 2912 1021 2988 omina
1034 2933 1139 2990 certa
1150 2941 1262 3019 puer.

486 3060 633 3135 Cuncta
648 3062 792 3135 dabant
807 3060 952 3137 reditus
969 3093 977 3135 :
995 3079 1120 3137 tamen
1138 3081 1194 3138 est
1208 3064 1390 3138 deterrita
1407 3092 1631 3169 nunquam,

536 3208 645 3308 Quin
660 3210 790 3303 fleret,
809 3228 954 3288 nostrus
971 3211 1258 3316 respiceretque
1273 3214 1359 3288 vias.

486 3364 576 3469 Ipse
590 3389 659 3465 ego
674 3363 836 3453 solator,
854 3390 942 3440 cum
955 3360 1033 3466 jam
1046 3363 1223 3437 mandata
1233 3363 1440 3455 dedissem,

525 3510 758 3606 Quaerebam
773 3513 898 3588 turdus
908 3512 1042 3589 anxius
1055 3539 1177 3619 usque
1191 3541 1324 3591 mores.

488 3663 570 3743 Aut
586 3687 656 3762 ego
670 3689 755 3736 sum
767 3651 958 3739 ceussatus
977 3692 1084 3753 aves,
1099 3683 1167 3738 eut
1181 3665 1310 3739 omina
1330 3664 1433 3771 dira,

542 3809 695 3883 Saturni
708 3826 776 3883 aut
786 3837 934 3885 sacram
947 3839 1008 3885 me
1024 3812 1188 3886 tenuisse
1202 3812 1313 3885 diens

493 3956 528 4032 Ο
543 3957 693 4058 quoties
710 3957 897 4061 ingressus
911 3958 1000 4047 iter,
1014 3954 1111 4035 mihi
1130 3955 1250 4032 tristia
1265 3956 1347 4032 dixi

544 4104 746 4180 Offensum
758 4107 800 4180 in
815 4125 926 4209 porta
938 4109 1041 4211 signa
1059 4109 1207 4183 dedisse
1218 4110 1379 4213 pedem!

494 4253 647 4331 Audeat
658 4252 779 4328 invito
794 4280 844 4327 ne
858 4254 943 4357 quis
957 4253 1152 4333 discedere
1167 4259 1325 4349 Amore5

531 4408 613 4492 Aut
627 4404 721 4487 sciat
732 4431 922 4513 egressum
934 4433 974 4483 se
991 4405 1225 4513 prohibente
1240 4410 1338 4485 Deo.
