4126 5452
912 495 1078 567 erea
1103 495 1130 565 Ι.

447 632 526 745 dut
541 669 637 743 mihi
660 670 828 743 servabit
847 669 970 770 plenis
990 669 1032 741 in
1055 665 1235 765 lintribus
1250 691 1366 752 uvas,
1400 716 1404 724 ·

503 824 707 919 Pressaque
722 818 847 924 veloci
873 816 1037 891 candida
1055 832 1178 890 musta
1198 813 1314 918 pede

448 972 678 1043 Consuescet
692 992 897 1041 numerare
911 989 1047 1066 pecus5
1076 978 1297 1037 consuescet
1311 961 1470 1035 amantis

491 1116 682 1224 Garrulus
703 1115 744 1188 iu
763 1115 930 1188 domiuae
946 1113 1083 1186 ludere
1096 1139 1215 1185 verna
1230 1112 1327 1185 sinu.

443 1263 513 1336 Illa
528 1265 615 1336 Deo
633 1261 726 1336 sciet
739 1262 919 1364 agricola>
934 1285 1008 1365 pro
1022 1262 1166 1337 vitibus
1187 1286 1321 1350 uvam,
1377 1240 1380 1246 ¹
1414 1242 1418 1250 ¹

491 1414 565 1484 Pro
584 1383 707 1514 segete
718 1412 853 1514 spicas,
880 1435 954 1515 pro
973 1439 1085 1521 grege
1106 1412 1212 1487 ferre
1227 1411 1375 1516 dapem.

445 1562 516 1638 Illa
540 1582 645 1666 regat
664 1581 840 1652 cunctos,
861 1563 917 1636 illi
935 1563 1011 1637 sint
1031 1541 1159 1641 omuia
1182 1575 1305 1652 curse,

493 1718 543 1789 Et
565 1716 673 1818 juvet
687 1716 729 1790 iu
744 1732 823 1789 tota
849 1741 912 1789 me
927 1714 1026 1788 nihil
1051 1745 1129 1793 esse
1156 1719 1282 1792 domo.

438 1868 528 1940 Huc
543 1865 674 1952 reniet
690 1866 848 1941 Messala
866 1852 993 1955 meus,
1015 1868 1079 1941 cui
1100 1866 1229 1941 dulcia
1251 1890 1368 1971 poma

486 2014 600 2091 Delia
615 1989 763 2091 selectis
788 2015 967 2090 detrahet
985 2017 1211 2092 arboribus:

438 2168 505 2256 Et,
533 2155 685 2243 tantuna
709 2183 889 2244 venerata
910 2167 1064 2255 virum,
1090 2165 1198 2239 hunc
1218 2148 1351 2240 sedula
1368 2181 1504 2260 curet3

487 2317 593 2391 Huic
607 2284 735 2431 paret,
759 2336 877 2419 atque
892 2315 1055 2420 epulas
1044 2296 1124 2419 ipsa
1137 2313 1312 2391 ministra
1333 2332 1445 2418 gerat

437 2468 532 2541 Haec
556 2466 651 2542 mihi
678 2467 885 2570 fingebam,
915 2490 1003 2566 quae
1026 2494 1132 2540 nune
1152 2467 1360 2568 Eurusque
1381 2467 1585 2569 Notusque

383 2608 385 2612 ’
486 2612 613 2688 Jactat
638 2618 817 2689 odoratos
840 2633 930 2689 vota
954 2642 1027 2715 per
1042 2617 1255 2689 Armenios.

442 2764 546 2839 Num
564 2762 729 2839 Veneris
747 2788 895 2866 maguae
918 2762 1058 2838 violati
1083 2761 1244 2837 numina
1265 2748 1469 2837 rethel-'⁹
1665 2784 1668 2789 ’
1753 2755 1772 2777 ”

486 2919 537 2992 Et
556 2943 642 2992 mea
659 2944 764 2992 nunc
782 2942 918 3021 peenas
941 2892 1058 3018 impia
1081 2915 1209 3014 lingua
1231 2913 1328 2989 luit?

439 3067 544 3143 Num
560 3066 666 3141 feror
684 3068 853 3141 incestus
870 3067 978 3141 sedes
996 3064 1132 3139 adiisse
1152 3067 1341 3155 Deorum,

486 3223 671 3321 Sertaque
693 3215 741 3292 de
761 3217 900 3292 sanctis
924 3192 1136 3317 deripuisse
1158 3214 1278 3288 locisl

431 3372 521 3447 Nou
539 3396 630 3474 ego,
651 3371 682 3445 si
701 3349 853 3464 iuerui,
882 3366 1057 3442 dubitem
1076 3347 1335 3469 procumbere
1360 3351 1574 3515 templis‚'

389 3510 392 3517 ¹
482 3527 533 3596 Et
552 3520 643 3597 dare
666 3521 820 3597 sacratis
847 3519 977 3596 oscula
997 3491 1215 3610 liminibus;

433 3674 533 3746 Nou·
547 3697 615 3770 ego
639 3670 816 3797 tellurem
838 3672 998 3801 genibus
1019 3662 1229 3771 perrepere
1229 3644 1490 3807 supplex'3
1615 3655 1656 3723 ’Ϊ-

480 3824 531 3893 Et
547 3792 731 3893 miserunt
745 3836 878 3892 sancto
897 3795 1063 3890 tundere
1084 3835 1192 3918 poste
1214 3836 1338 3919 eaput.

430 3968 480 4038 At
497 3983 553 4053 tu,
582 3994 650 4066 qur
640 3966 783 4040 laetus
806 3963 907 4041 rides
928 3962 1028 4040 mala
1053 3984 1198 4056 nostra,
1224 3986 1359 4044 caveto

479 4112 574 4187 Mox
593 4090 662 4186 tibi
673 4145 684 4205 ;
711 4140 791 4188 non
807 4116 876 4188 uni
895 4121 1023 4191 saeriet
1039 4094 1324 4218 u'squ'e'³'De⁵ui.¹

431 4264 524 4341 Vidi
544 4289 631 4367 ege,
658 4265 726 4365 qui
746 4262 934 4365 juvenum
954 4266 1112 4341 miseros
1134 4241 1472 4367 tusiisei‘imores‘gl
1491 4252 1525 4315 ¹⁶³
1544 4251 1592 4313 ’

433 4460 438 4469 -
477 4416 565 4490 Post
582 4417 745 4492 Veneris
761 4394 898 4492 vinclis
922 4417 1090 4495 subdere
1106 4395 1388 4516 collateuen'n
1451 4401 1551 4500 '‘fi‘'
1607 4427 1625 4469 ÷·
1702 4405 1706 4413 ¹

1387 4096 1391 4107 ¹
1425 4108 1436 4114 ,.
1528 4099 1569 4135 [Δ.
1675 4104 1680 4111 ι

1514 4129 1520 4141 a
1564 4119 1625 4153 ql,
1676 4130 1680 4137 ν

1620 4154 1665 4169 ’,Ι
