4162 5468
947 453 1000 526 L'r
1015 464 1106 529 nnn
1144 457 1174 527 1.

493 627 608 703 Flava
632 628 761 716 Ceres,
788 625 859 702 tibi
880 627 930 703 sit
952 630 1085 703 nestri)
1111 630 1277 729 de'rure
1301 656 1445 707 corona

544 777 697 880 Spicea,
716 804 803 879 quae
822 777 956 880 templi
977 777 1147 884 pendeat
1164 796 1253 855 ante
1278 779 1389 867 fores.

491 928 748 1032 Pomosisque*
756 928 876 1004 ruber
892 945 1017 1004 custos
1032 949 1204 1031 ponatur
1221 933 1262 1005 in
1278 930 1419 1021 hortis,

530 1082 704 1154 ·Terreat
718 1092 763 1151 ut
779 1102 877 1151 soeva
892 1073 992 1149 falce
1012 1076 1171 1180 Priapus
1183 1104 1278 1155 aves.

412 1224 415 1229 ’
487 1229 568 1302 Vos
593 1251 751 1328 quoque
772 1223 894 1299 felicis
914 1226 1130 1327 quondam,
1148 1253 1254 1301 nunc
1278 1227 1460 1331 pauperis
1482 1228 1559 1329 agri

537 1375 738 1465 Custodes,
764 1370 870 1450 fertis
894 1400 1057 1450 munera
1076 1393 1221 1467 vestra,
1252 1380 1375 1453 Lares.

491 1533 602 1605 Tunc
623 1527 745 1602 vitula
762 1527 984 1601 innumeros
1001 1524 1188 1603 lustrabat
1203 1554 1297 1604 caesa
1312 1527 1518 1631 juvencos:
1540 1517 1548 1524 ⁵

436 1702 443 1713 ·
533 1679 649 1754 Nunc
682 1704 778 1781 agna
805 1677 933 1779 exigui
964 1693 1020 1752 est
1045 1675 1169 1750 hostia
1194 1702 1329 1778 magna
1359 1677 1437 1752 soli.

414 1900 418 1906 .
485 1832 595 1932 Agna
618 1829 729 1904 cadet
751 1825 874 1914 vobis,
903 1851 1021 1926 quam
1045 1824 1193 1899 circum
1213 1824 1353 1899 rustica
1377 1826 1500 1929 pubes

437 2022 480 2055 -,
535 1977 700 2050 Clamet:
721 1977 784 2048 Iol
810 1998 947 2049 messes
970 1990 1008 2047 et
1029 1974 1133 2047 bona
1155 1972 1245 2047 vina
1271 1972 1377 2048 date!
1435 2029 1440 2037 .

482 2123 641 2211 Adsitis,
659 2123 772 2197 Divi:
797 2147 876 2197 neu
901 2147 968 2198 vos
993 2122 1041 2196 de
1069 2147 1239 2227 paupere
1266 2148 1425 2197 mensa·

532 2276 668 2368 Dona,
687 2299 760 2349 nec
780 2273 925 2376 epuris
942 2273 1112 2379 spernite
1135 2273 1325 2349 fictilibus.

482 2425 633 2502 Fictilia
653 2423 836 2527 antiquus
855 2424 1026 2528 primum
1044 2424 1117 2500 sibi
1135 2423 1228 2499 fecit
1249 2426 1402 2529 agrestis

529 2573 692 2664 Pocula,
706 2573 754 2648 de
771 2572 874 2647 fa'cili
892 2575 1191 2674 composuitque
1201 2574 1296 2650 luto.

406 2742 414 2757 ·
458 2768 463 2785 ·
482 2725 533 2803 At
546 2746 613 2798 vos
626 2719 760 2821 exiguo
774 2717 909 2820 pecori
925 2717 1137 2820 furesque,·
1149 2720 1336 2825 lupique,
1450 2760 1453 2767 ·

482 2943 488 2954 .
530 2873 701 2948 Parcite}
722 2870 776 2947 de·
797 2893 933 2973 magno
962 2887 1019 2945 est
1046 2871 1177 2976 praeda
1202 2873 1371 2976 peteuda
1393 2901 1515 2976 grege.

471 3025 571 3108 ‚Non
594 3050 665 3125 ego
687 3023 838 3100 divitias
862 3039 1033 3128 patrum,
1061 3019 1288 3124 fructusque
1305 3025 1499 3124 ,requirof

526 3174 636 3271 Quos
659 3171 748 3247 tulit
767 3171 930 3274 antiquo
958 3170 1113 3247 condita
1134 3173 1262 3249 messis
1283 3199 1364 3250 avo.
1447 3209 1477 3267 ,·
1549 3226 1554 3277 t

477 3327 600 3405 Parva
612 3346 715 3425 seges
730 3323 817 3399 satis
835 3341 908 3418 est3
922 3316 1009 3399 satis
1026 3341 1083 3398 est
1097 3326 1339 3428 requiescere
1362 3325 1483 3423 lecto,

492 3553 495 3557 ,
522 3479 560 3558 si
580 3476 691 3567 licet,
714 3495 751 3553 et
770 3477 885 3561 solito
905 3477 1076 3570 membra
1094 3478 1223 3552 levare
1242 3495 1336 3555 toro.

475 3629 604 3726 Quam
619 3631 726 3732 juvat
741 3631 906 3706 immites
923 3647 1055 3706 ventos
1069 3629 1204 3705 audire
1223 3632 1448 3721 cubantem,

528 3780 580 3852 Et
603 3776 800 3851 dominam
818 3792 954 3850 tenero
978 3778 1209 3853 continuisse
1229 3780 1337 3852 sinu:

333 3993 337 4001 .
392 3992 397 3997 .
439 3992 442 3997 .
476 3931 569 4016 Aut,
588 3924 728 4027 gelidae
744 3923 931 4002 hibernus
947 3950 1065 4027 aquas
1086 3951 1206 4026 quum
1220 3924 1369 4003 fuderit
1386 3931 1542 4020 Auster,

524 4083 710 4161 Securum
730 4096 899 4165 somn'os,
915 4076 1226 4179 imbre‘juvante‚
1241 4079 1368 4177 sequi!
1464 4138 1467 4143 .
1496 4143 1499 4148 .
1571 4112 1575 4119 ·

461 4231 561 4313 ,Hoc
581 4227 677 4304 mihi
696 4228 905 4329 contingat:
920 4228 968 4305 sit
983 4227 1086 4303 dives
1102 4227 1211 4330 jure,
1229 4227 1404 4305 furorem

428 4386 432 4395 '
520 4379 601 4477 Qui
616 4379 728 4454 maris
746 4395 785 4455 et
802 4379 924 4454 tristes
942 4374 1046 4453 ferre
1063 4394 1191 4480 potest
1212 4378 1369 4481 pluvias.
