4126 5452
289 458 383 582 224'
894 494 1176 568 emmiu.

286 967 292 975 “
407 974 427 1005 ”
480 968 483 973 ’
825 960 1082 1075 aunem
1113 991 1210 1077 111.

396 1328 403 1345 ,
421 1164 632 1363 (Qum
647 1252 806 1355 prudest
820 1252 965 1329 coelum
979 1256 1078 1330 votis
1099 1256 1292 1360 implesse,
1310 1257 1465 1352 Neaera,
1549 1284 1552 1293 ·

377 1492 381 1511 .
457 1416 461 1427 '
500 1401 724 1504 Blandaque
739 1415 832 1485 'eum
848 1403 971 1483 multa
994 1421 1079 1480 tura
1095 1407 1242 1487 dedisse
1261 1412 1405 1513 prece?

437 1554 1067 1659 ,Εαηψζιιιωυωωεῑπρῑοᾶῐέεω
1085 1583 1107 1633 e
1124 1556 1415 1647 uniueisum:
1467 1571 1506 1665 ,ας
1535 1588 1554 1603 --
1641 1628 1646 1637 ,
1680 1570 1685 1611 ι
1714 1569 1723 1619 ·.
1759 1616 1776 1647 ,,

498 1706 667 1807 Insignis
677 1705 784 1787 clare
801 1707 1114 1807 conspicuusque
1135 1708 1277 1802 d0m03
1311 1768 1327 1781 ..
1360 1746 1379 1781 ι·
1542 1718 1599 1777 fur·
1619 1752 1634 1791 ·.·
1679 1718 1724 1731 ‘

450 1857 531 1932 Aut
544 1872 588 1926 ut
606 1855 727 1925 multa
745 1857 821 1926 mei
841 1870 1076 1926 renovarent
1092 1854 1225 1954 jugera
1244 1857 1367 1943 tauri,

501 2005 552 2079 Et
574 2030 725 2105 magnas
744 2030 874 2078 messes
895 2020 994 2077 terra
1012 2001 1178 2102 benigna
1198 2004 1325 2077 daret:

455 2157 548 2246 Sed,
567 2175 698 2232 tecum
715 2173 760 2230 ut
776 2157 898 2255 longae
916 2154 1105 2229 sociarem
1123 2154 1258 2255 gaudia
1275 2157 1378 2245 vitae,

500 2314 629 2412 Inque
648 2325 716 2383 tuo
736 2309 895 2384 caderet
907 2273 1038 2382 nostra
1057 2322 1210 2380 senecta
1229 2308 1342 2396 sinu3

452 2461 563 2536 Tune
581 2488 684 2547 eum,
699 2438 920 2564 praemenste
939 2430 1144 2534 defunctus
1163 2474 1338 2560 tempora
1355 2458 1474 2546 lueis,

500 2610 638 2683 Nudus
657 2611 813 2683 Lethaea
830 2636 988 2706 cogerer
1006 2609 1061 2680 ire
1078 2625 1169 2680 rate.

454 2755 551 2831 Nam
568 2781 680 2856 grave
696 2754 793 2854 quid
807 2742 966 2856 prodest
976 2753 1131 2856 pondus
1148 2753 1244 2829 mihi
1266 2755 1393 2831 divitis
1411 2759 1521 2833 auri?

517 2909 692 3009 Arvaque
708 2910 739 2980 si
759 2905 908 2981 findant
924 2906 1081 3009 pinguia
1097 2906 1201 2981 mille
1217 2908 1356 2982 boves?

447 3058 605 3163 Quidve
627 3058 764 3133 domus
784 3044 942 3161 prodest
964 3057 1137 3158 Phrygiis
1157 3056 1289 3128 innixa
1309 3055 1517 3146 columnis,

427 3211 431 3221 ’
496 3211 676 3295 Taenare,
698 3208 777 3280 sive
800 3206 895 3295 tuis,
916 3206 1013 3292 sive,
1035 3205 1208 3305 Caryste,
1235 3205 1328 3278 tuis?

448 3359 499 3433 Et
520 3383 679 3433 nemora
699 3355 741 3430 in
757 3355 938 3429 domibus
954 3376 1079 3427 sacros
1096 3353 1284 3425 imitantia
1301 3353 1438 3428 lucos?

495 3511 729 3608 durataeque
748 3505 887 3592 trabes,
909 3503 1248 3607 marmoreumque
1270 3504 1424 3579 solum?

445 3655 617 3753 Quidve,
644 3656 686 3728 in
703 3652 905 3756 Erythraeo
929 3652 1069 3751 legitur
1090 3679 1178 3753 quae
1194 3651 1326 3743 litore,
1350 3653 1519 3744 concha,

425 3814 430 3828 '
493 3808 710 3908 Tinctaque
725 3803 885 3878 Sidonio
903 3804 1050 3876 murice
1074 3800 1162 3875 lana
1179 3802 1309 3902 juvat,

444 3957 495 4031 Et
514 3984 601 4057 quae
617 3970 800 4058 praeterea
821 3952 990 4055 populus
1009 3951 1191 4026 miraturi
1208 3953 1255 4024 In
1269 3950 1344 4026 illis

497 4103 650 4177 Invidia
671 4117 745 4189 est;
761 4099 856 4174 falso
871 4101 1041 4202 plurima
1060 4101 1195 4199 vulgus
1214 4123 1321 4175 amat

443 4254 531 4332 Non
552 4253 692 4357 opibus
709 4268 856 4326 mentes
876 4250 1081 4325 hominum
1098 4272 1279 4347 curaeque
1299 4246 1494 4338 levantur3

492 4405 596 4492 Nam
612 4407 786 4480 Fortuna
802 4429 871 4479 sua
889 4420 1062 4506 tempora
1084 4398 1166 4499 lege
1183 4397 1291 4500 regit.
