4126 5452
752 512 994 583 Surrrcra
1021 493 1286 585 lituolorr.¹

804 1026 1086 1110 ELEGIA
1125 1028 1218 1109 VI.

442 1234 674 1393 Taunum
694 1313 800 1386 venit
819 1315 957 1401 Amor,
978 1316 1133 1416 qualem
1151 1316 1283 1390 texisse
1299 1316 1472 1420 pudore,

489 1464 618 1563 Quam
635 1462 800 1536 nudasse
816 1462 949 1551 alicui,
970 1464 1018 1537 sit
1038 1464 1134 1537 mihi
1153 1465 1255 1538 fama
1276 1465 1414 1541 minor.

441 1613 606 1687 Exorata
624 1612 716 1687 meis
733 1612 841 1687 illum
860 1609 1049 1714 Cytherea
1065 1615 1255 1690 Camoenis

488 1763 642 1850 Attulit,
663 1763 705 1836 in
721 1776 896 1835 nostrum
914 1760 1171 1865 deposuitque
1189 1765 1325 1839 sinum.

445 1913 615 1985 Exsolvit
630 1911 814 2012 promissa
831 1911 984 2001 Venus;
999 1935 1085 1982 mea
1101 1911 1239 2013 gaudia
1260 1928 1414 2003 narret,

490 2063 656 2138 Dicetur
672 2063 701 2138 si
721 2063 807 2164 quis
825 2090 907 2137 non
925 2061 1102 2135 habuisse
1122 2088 1238 2136 suam.

441 2213 478 2288 N
480 2239 531 2288 on
547 2237 617 2314 ego
633 2211 787 2314 signatis
808 2212 1024 2314 quidquam
1041 2210 1224 2286 mandare
1242 2212 1407 2301 tabellis,

490 2364 548 2437 Ne
563 2363 664 2462 legat
677 2363 720 2436 id
732 2388 863 2450 nemo,
878 2387 996 2465 quam
1012 2385 1134 2447 meus,
1150 2377 1255 2449 ante,
1270 2360 1403 2436 velim:

335 2508 338 2513 ⁴
443 2512 516 2587 Sed
531 2480 706 2614 peccasse
721 2510 846 2614 juvot;
867 2510 994 2585 vultus
1012 2536 1246 2614 componere
1261 2510 1373 2588 famae

497 2661 629 2734 Taedet
641 2693 649 2732 ε
663 2687 752 2734 cum
768 2661 884 2758 digno
901 2661 1013 2759 digna
1027 2662 1143 2739 fuisse
1157 2663 1285 2739 seror..

270 2884 1723 2941 mmmmmzsusumusvsmwwoeuwum§ussusufflsunuwu

734 3101 742 3119 *
791 3067 1075 3158 ELEGIA
1120 3066 1234 3147 VII.

429 3293 433 3300 Ι
450 3258 653 3416 luviano
670 3296 807 3408 natalis
824 3328 941 3420 adest,
957 3327 1025 3434 qui
1042 3354 1132 3406 rure
1149 3328 1327 3424 moletto,

424 3492 428 3507 '
498 3490 549 3563 Et
564 3486 646 3561 sine
664 3483 851 3559 Cerintho
869 3482 984 3557 tristis
1003 3481 1170 3583 agendus
1188 3482 1269 3557 erit.

450 3637 613 3713 Dulcius
630 3637 728 3711 urbe
743 3635 841 3737 quid
857 3635 935 3709 esti
953 3638 1015 3706 An
1031 3633 1121 3706 villa
1137 3632 1186 3706 sit
1197 3647 1285 3733 opta
1302 3631 1465 3735 puellae,

501 3791 630 3890 Atque
648 3784 809 3859 Eretino
827 3781 987 3882 frigidus
1005 3806 1127 3855 annus
1148 3782 1267 3880 agro?

456 3940 545 4012 Jam
563 3936 746 4026 nimium,
765 3931 943 4021 Messala,
961 3930 1038 4006 mei
1059 3929 1230 4005 studiose
1249 3924 1440 4031 quiescas,

437 4128 441 4139 ·
501 4090 589 4164 Non
600 4087 828 4191 tempestive
844 4109 943 4189 saepe
956 4083 1180 4185 propinque
1199 4096 1284 4154 tuae.

453 4240 529 4316 Hic
549 4239 723 4315 animum
737 4258 945 4334 censusque
965 4254 1070 4306 meos
1091 4226 1254 4301 abducta
1276 4224 1481 4327 relinquo,

503 4386 663 4463 Arbitrii
681 4382 865 4486 quoniam
880 4407 961 4458 nou
974 4378 1064 4457 sinis
1079 4405 1157 4455 esse
1171 4378 1256 4453 mei.
