4126 5452
1058 431 1211 504 Iamna
1245 428 1276 502 1.

562 612 661 684 Pace
678 609 835 696 bidens,
862 604 1074 710 vomerque
1098 607 1252 708 vigent:
1273 620 1312 678 at
1333 601 1453 677 tristia
1477 599 1565 676 duri

610 756 743 829 Militis
763 756 805 830 in
830 757 996 831 tenebris
1015 773 1182 858 occupat
1206 781 1310 829 arma
1328 755 1430 830 situs

561 906 736 980 Rusticus
755 933 776 980 e
794 905 963 1008 lucoque
986 905 1112 995 vehit,
1140 909 1239 982 male
1263 908 1413 983 sobrius
1441 908 1544 1010 ipse,

599 1059 780 1143 ,Uxorem
801 1057 994 1161 plaustro,
1022 1057 1332 1160 progeniemque
1348 1058 1517 1133 domum

552 1209 627 1285 Sed
650 1205 812 1283 Veneris
838 1223 930 1282 tunc
951 1206 1052 1282 bella
1079 1207 1223 1300 calent3
1251 1208 1462 1310 scissosque
1483 1205 1644 1310 capillos

601 1359 779 1445 Femina,
802 1357 1011 1461 perfractas
1034 1356 1370 1459 conqueriturque
1391 1357 1500 1431 fores.

539 1510 635 1584 ‘Flet
657 1527 807 1585 teneras
828 1507 985 1582 subtusa
1003 1532 1135 1609 genas3
1156 1510 1224 1584 sed
1247 1511 1371 1585 victor
1392 1527 1432 1584 et
1454 1510 1536 1612 ipse

586 1660 701 1750 -Fiet,
723 1661 796 1736 sibi
815 1659 1013 1734 dementes
1033 1674 1108 1732 tam
1125 1661 1286 1793 valuissp
1308 1685 1454 1735 manus.
1499 1744 1505 1754 ‚
1544 1694 1548 1699 ·

553 1819 604 1889 At
618 1814 783 1889 lascivus
796 1817 915 1888 Amor
930 1812 1024 1885 rixae
1042 1810 1140 1885 mala
1157 1786 1274 1887 verba
1290 1806 1498 1902 ministrat3

612 1968 774 2037 lateret
793 1963 935 2036 iratum
953 1961 1061 2035 laetus
1084 1975 1296 2063 utrumque
1319 1960 1434 2035 sedec

483 2125 499 2138 “
547 2116 609 2193 Ah
627 2115 722 2220 lapis
741 2131 795 2190 est
814 2115 1055 2216 ferrumque,
1074 2140 1181 2186 suam
1200 2110 1435 2214 quicumque
1449 2109 1618 2214 puellam

599 2267 806 2379 Verberat5
825 2294 847 2342 e
867 2266 966 2341 coelo
992 2265 1136 2368 deripit
1158 2262 1229 2370 ille
1244 2266 1355 2341 Deos.

542 2419 597 2493 Sit
612 2419 699 2494 satis
717 2447 736 2494 e
751 2417 931 2493 membris
950 2434 1107 2491 tenuem
1121 2415 1339 2491 rescindere
1355 2432 1515 2491 restem:

533 2617 536 2621 -
595 2568 773 2652 situatis,
795 2583 952 2640 ornatus
972 2565 1187 2640 dissoluisse
1210 2592 1353 2640 comae:

546 2709 601 2783 Sit
622 2710 809 2810 lacrymas
829 2709 990 2781 movisse
1004 2709 1110 2782 satis:
1125 2727 1264 2810 quater
1280 2711 1345 2786 ille
1364 2714 1515 2801 beatus,

593 2860 685 2958 Quo
712 2876 845 2934 tenera
865 2859 962 2933 irato
984 2856 1079 2933 flere
1101 2862 1231 2964 puella
1248 2881 1384 2967 potest„

535 3009 609 3085 Sed
626 3009 803 3085 manibus
818 3010 889 3113 qui
910 3010 1144 3100 accuseris,
1165 3031 1398 3115 scutumque
1423 3007 1638 3120 sudemque

597 3164 635 3234 Is
657 3174 780 3259 gerat,
801 3175 841 3234 et
864 3159 950 3232 miti
971 3158 1019 3232 sit
1044 3163 1181 3262 procul
1199 3187 1221 3236 a
1237 3166 1402 3238 Venere.

545 3310 737 3400 At'nobis‚
760 3312 836 3383 Pax
850 3308 970 3400 alma,
993 3306 1099 3395 veni,
1123 3313 1347 3418 spicamque
1366 3333 1520 3395 teneto:

588 3462 760 3541 Perfluat
778 3460 957 3567 etpumia
975 3459 1164 3567 candidus
1176 3478 1266 3541 ante
1280 3466 1395 3542 sinus.
