4126 5452
380 933 769 1048 SULPICIAE
803 938 898 1042 ET
920 934 1315 1044 ALIORUM
1345 927 1756 1044 ELEGIDIA.

537 1584 541 1591 ·
667 1582 670 1587 ·
761 1518 1282 1659 guuucrst'

507 1764 766 1936 Sumen
778 1870 834 1931 est
847 1853 917 1931 tibi
928 1855 1037 1943 cultu
1055 1855 1149 1946 tuis,
1166 1854 1274 1933 Mur's
1287 1862 1439 1958 magne,
1461 1843 1656 1931 Kalendis.

556 2006 781 2113 Spectatum
799 2035 820 2083 e
837 2008 943 2098 caelo,
963 2010 995 2084 si
1013 2011 1129 2112 sapis,
1147 2009 1230 2110 ipse
1248 2005 1356 2095 veni,
1391 2038 1394 2043 ⁴

508 2159 598 2236 Hoc
614 2161 748 2236 Venus
765 2161 950 2262 ignoscet3
965 2179 1005 2235 at
1021 2178 1083 2252 tu,
1101 2159 1289 2247 violente,
1310 2171 1465 2246 ceretu,
1494 2160 1497 2167 ’
1581 2218 1586 2225 ,

560 2309 595 2384 N
598 2335 619 2383 e
637 2308 706 2383 tibi
725 2309 880 2383 miranti
902 2311 1071 2414 turpiter
1088 2335 1193 2387 arma
1212 2307 1361 2382 cadant.

512 2457 622 2534 Illius
638 2484 686 2534 ex
704 2459 845 2549 oculis,
865 2487 955 2535 cum
972 2460 1056 2535 vult
1076 2486 1239 2535 exurere
1259 2458 1405 2547 Divos,

564 2608 752 2680 Accendit
769 2609 938 2709 geminas
955 2608 1147 2712 lampadas
1162 2635 1252 2682 acer
1267 2611 1398 2682 Amor.

514 2752 646 2842 Illam,
664 2752 853 2855 quicquid
869 2756 965 2855 agit,
986 2782 1148 2859 quoquo
1166 2756 1320 2858 vestigia
1340 2758 1482 2845 movit,

565 2905 773 3008 Componis
791 2905 927 2983 furtim
944 2907 1273 3011 subsequiturque
1292 2908 1434 2981 Decor.

518 3053 591 3127 Seu
610 3054 723 3127 solvit
744 3055 870 3130 crines
885 3087 893 3129 :
908 3057 1001 3131 fusis
1022 3057 1133 3133 decet
1149 3085 1226 3132 esse
1245 3054 1412 3158 capillis3

568 3203 643 3276 Seu
658 3204 793 3278 comsit
806 3238 814 3277 :
827 3206 960 3280 comtis
975 3221 1031 3278 est
1042 3203 1264 3279 veneranda
1278 3202 1404 3276 comis.

524 3351 630 3441 Urit,
646 3378 715 3427 seu
732 3353 850 3456 Tyria
866 3354 992 3429 voluit
1013 3354 1229 3459 procedere
1247 3353 1369 3455 palla:

571 3500 672 3590 Urit,
690 3529 758 3578 seu
775 3501 886 3578 nivea
903 3502 1069 3579 candida
1089 3521 1192 3581 veste
1210 3506 1326 3580 venit

526 3649 625 3724 Talis
640 3652 680 3723 in
698 3667 842 3726 oeterno
857 3652 951 3727 felix
968 3652 1207 3728 Vertumnus
1227 3653 1398 3755 Olympo

573 3798 683 3871 Mille
701 3798 820 3874 habet
837 3819 1010 3891 ornatus,
1030 3801 1137 3876 mille
1157 3802 1342 3876 decenter
1359 3799 1482 3875 hebet

525 3949 611 4022 Solu
628 3950 849 4051 puellarum
867 3950 981 4055 digna
999 3969 1069 4041 est,
1086 3951 1150 4028 cui
1171 3950 1302 4026 mollia
1323 3951 1421 4026 caris

577 4097 733 4172 Vellera
753 4101 818 4175 <let
835 4104 956 4176 succis
974 4103 1032 4178 his
1049 4103 1261 4209 madefacta
1278 4105 1415 4202 Tyros,

525 4245 818 4349 Possideatque,
837 4249 946 4323 metit
960 4250 1149 4352 quicquid
1163 4249 1262 4321 bene
1281 4246 1474 4324 olentibus
1488 4249 1586 4324 arvis
1630 4326 1634 4333 ,

582 4397 715 4472 Cultor
736 4400 906 4476 odoratae
927 4401 1031 4476 dives
1052 4398 1170 4476 Arabs
1191 4395 1346 4501 segetis,
