<?xml version="1.0" encoding="UTF-8"?>
<!DOCTYPE html PUBLIC "-//W3C//DTD XHTML 1.0 Transitional//EN"
    "http://www.w3.org/TR/xhtml1/DTD/xhtml1-transitional.dtd">
<html xmlns="http://www.w3.org/1999/xhtml" xml:lang="en" lang="en">
 <head>
  <title>
</title>
<meta http-equiv="Content-Type" content="text/html;charset=utf-8" />
  <meta name='ocr-system' content='tesseract 3.04.00' />
  <meta name='ocr-capabilities' content='ocr_page ocr_carea ocr_par ocr_line ocrx_word'/>
</head>
<body>
  <div class='ocr_page' id='page_1' title='image "./carminalibritre00tibugoog_0186.png"; bbox 0 0 4126 5452; ppageno 0'>
   <div class='ocr_carea' id='block_1_1' title="bbox 939 481 1202 558">
    <p class='ocr_par' dir='ltr' id='par_1_1' title="bbox 939 481 1202 558">
     <span class='ocr_line' id='line_1_1' title="bbox 939 481 1202 558; baseline 0.027 -8"><span class='ocrx_word' id='word_1_1' title='bbox 939 481 1202 558; x_wconf 76' lang='lat' dir='ltr'><strong>LinraIV.</strong></span> 
     </span>
    </p>
   </div>
   <div class='ocr_carea' id='block_1_2' title="bbox 442 655 1603 4074">
    <p class='ocr_par' dir='ltr' id='par_1_2' title="bbox 442 655 1496 907">
     <span class='ocr_line' id='line_1_2' title="bbox 442 655 1496 761; baseline 0.003 -30"><span class='ocrx_word' id='word_1_2' title='bbox 442 660 570 761; x_wconf 81' lang='lat' dir='ltr'><strong>¹Ergo,</strong></span> <span class='ocrx_word' id='word_1_3' title='bbox 592 656 660 728; x_wconf 89' lang='lat' dir='ltr'><strong>ubi</strong></span> <span class='ocrx_word' id='word_1_4' title='bbox 681 682 753 757; x_wconf 81' lang='lat' dir='ltr'><strong>prr</strong></span> <span class='ocrx_word' id='word_1_5' title='bbox 774 655 896 729; x_wconf 86' lang='lat' dir='ltr'><strong>claros</strong></span> <span class='ocrx_word' id='word_1_6' title='bbox 919 657 1034 729; x_wconf 76' lang='lat' dir='ltr'><strong>ierint</strong></span> <span class='ocrx_word' id='word_1_7' title='bbox 1058 676 1123 731; x_wconf 73' lang='lat' dir='ltr'><strong>trza</strong></span> <span class='ocrx_word' id='word_1_8' title='bbox 1142 658 1241 732; x_wconf 80' lang='lat' dir='ltr'><strong>sarta</strong></span> <span class='ocrx_word' id='word_1_9' title='bbox 1265 658 1496 758; x_wconf 88' lang='lat' dir='ltr'><strong>triumphos,</strong></span> 
     </span>
     <span class='ocr_line' id='line_1_3' title="bbox 443 806 1375 907; baseline -0.002 -26"><span class='ocrx_word' id='word_1_10' title='bbox 443 806 552 881; x_wconf 88' lang='lat' dir='ltr'><strong>Solus</strong></span> <span class='ocrx_word' id='word_1_11' title='bbox 570 824 740 907; x_wconf 84' lang='lat' dir='ltr'><strong>utroque</strong></span> <span class='ocrx_word' id='word_1_12' title='bbox 759 806 861 879; x_wconf 70' lang='lat' dir='ltr'><strong>idem</strong></span> <span class='ocrx_word' id='word_1_13' title='bbox 879 807 1018 880; x_wconf 82' lang='lat' dir='ltr'><strong>diceris</strong></span> <span class='ocrx_word' id='word_1_14' title='bbox 1035 833 1195 906; x_wconf 78' lang='lat' dir='ltr'><strong>maguus</strong></span> <span class='ocrx_word' id='word_1_15' title='bbox 1213 807 1253 880; x_wconf 91' lang='lat' dir='ltr'><strong>in</strong></span> <span class='ocrx_word' id='word_1_16' title='bbox 1271 809 1375 881; x_wconf 88' lang='lat' dir='ltr'><strong>or&#39;oe.</strong></span> 
     </span>
    </p>

    <p class='ocr_par' dir='ltr' id='par_1_3' title="bbox 448 931 1401 1059">
     <span class='ocr_line' id='line_1_4' title="bbox 448 931 1401 1059; baseline 0 -27"><span class='ocrx_word' id='word_1_17' title='bbox 448 959 535 1039; x_wconf 84' lang='lat' dir='ltr'><strong>Non</strong></span> <span class='ocrx_word' id='word_1_18' title='bbox 556 981 624 1057; x_wconf 86' lang='lat' dir='ltr'><strong>ego</strong></span> <span class='ocrx_word' id='word_1_19' title='bbox 640 982 724 1031; x_wconf 87' lang='lat' dir='ltr'><strong>sum</strong></span> <span class='ocrx_word' id='word_1_20' title='bbox 741 959 828 1029; x_wconf 74' lang='lat' dir='ltr'><strong>sotis</strong></span> <span class='ocrx_word' id='word_1_21' title='bbox 842 931 895 1028; x_wconf 73' lang='lat' dir='ltr'><strong>ad</strong></span> <span class='ocrx_word' id='word_1_22' title='bbox 915 974 1029 1030; x_wconf 85' lang='lat' dir='ltr'><strong>tantae</strong></span> <span class='ocrx_word' id='word_1_23' title='bbox 1046 958 1243 1059; x_wconf 79' lang='lat' dir='ltr'><strong>praeconia</strong></span> <span class='ocrx_word' id='word_1_24' title='bbox 1261 955 1401 1046; x_wconf 87' lang='lat' dir='ltr'><strong>laudis,</strong></span> 
     </span>
    </p>

    <p class='ocr_par' dir='ltr' id='par_1_4' title="bbox 443 1109 1422 1210">
     <span class='ocr_line' id='line_1_5' title="bbox 443 1109 1422 1210; baseline 0.004 -28"><span class='ocrx_word' id='word_1_25' title='bbox 443 1111 530 1210; x_wconf 80' lang='lat' dir='ltr'><strong>lpse</strong></span> <span class='ocrx_word' id='word_1_26' title='bbox 548 1109 643 1187; x_wconf 88' lang='lat' dir='ltr'><strong>mihi</strong></span> <span class='ocrx_word' id='word_1_27' title='bbox 662 1135 742 1182; x_wconf 89' lang='lat' dir='ltr'><strong>non</strong></span> <span class='ocrx_word' id='word_1_28' title='bbox 762 1109 792 1182; x_wconf 88' lang='lat' dir='ltr'><strong>si</strong></span> <span class='ocrx_word' id='word_1_29' title='bbox 813 1109 1036 1210; x_wconf 70' lang='lat' dir='ltr'><strong>praescribat</strong></span> <span class='ocrx_word' id='word_1_30' title='bbox 1056 1111 1225 1183; x_wconf 89' lang='lat' dir='ltr'><strong>carmina</strong></span> <span class='ocrx_word' id='word_1_31' title='bbox 1243 1110 1422 1186; x_wconf 84' lang='lat' dir='ltr'><strong>Phoebus.</strong></span> 
     </span>
    </p>

    <p class='ocr_par' dir='ltr' id='par_1_5' title="bbox 444 1226 1490 1813">
     <span class='ocr_line' id='line_1_6' title="bbox 444 1226 1436 1361; baseline 0.002 -27"><span class='ocrx_word' id='word_1_32' title='bbox 444 1263 512 1334; x_wconf 86' lang='lat' dir='ltr'><strong>Est</strong></span> <span class='ocrx_word' id='word_1_33' title='bbox 531 1259 619 1347; x_wconf 87' lang='lat' dir='ltr'><strong>tibi,</strong></span> <span class='ocrx_word' id='word_1_34' title='bbox 643 1258 711 1361; x_wconf 92' lang='lat' dir='ltr'><strong>qui</strong></span> <span class='ocrx_word' id='word_1_35' title='bbox 729 1259 847 1360; x_wconf 84' lang='lat' dir='ltr'><strong>possit</strong></span> <span class='ocrx_word' id='word_1_36' title='bbox 867 1258 1010 1358; x_wconf 86' lang='lat' dir='ltr'><strong>magnis</strong></span> <span class='ocrx_word' id='word_1_37' title='bbox 1026 1285 1065 1331; x_wconf 89' lang='lat' dir='ltr'><strong>se</strong></span> <span class='ocrx_word' id='word_1_38' title='bbox 1083 1259 1283 1358; x_wconf 83' lang='lat' dir='ltr'><strong>accingere</strong></span> <span class='ocrx_word' id='word_1_39' title='bbox 1300 1226 1436 1351; x_wconf 87' lang='lat' dir='ltr'><strong>rebus,</strong></span> 
     </span>
     <span class='ocr_line' id='line_1_7' title="bbox 445 1404 1372 1510; baseline -0.005 -23"><span class='ocrx_word' id='word_1_40' title='bbox 445 1410 623 1510; x_wconf 82' lang='lat' dir='ltr'><strong>Valgius3</strong></span> <span class='ocrx_word' id='word_1_41' title='bbox 637 1425 781 1482; x_wconf 84' lang='lat' dir='ltr'><strong>aeterno</strong></span> <span class='ocrx_word' id='word_1_42' title='bbox 799 1406 960 1509; x_wconf 84' lang='lat' dir='ltr'><strong>propior</strong></span> <span class='ocrx_word' id='word_1_43' title='bbox 978 1431 1059 1480; x_wconf 91' lang='lat' dir='ltr'><strong>nou</strong></span> <span class='ocrx_word' id='word_1_44' title='bbox 1077 1404 1173 1480; x_wconf 85' lang='lat' dir='ltr'><strong>alter</strong></span> <span class='ocrx_word' id='word_1_45' title='bbox 1191 1408 1372 1482; x_wconf 85' lang='lat' dir='ltr'><strong>Homero.</strong></span> 
     </span>
     <span class='ocr_line' id='line_1_8' title="bbox 451 1554 1490 1662; baseline 0.005 -31"><span class='ocrx_word' id='word_1_46' title='bbox 451 1555 650 1660; x_wconf 81' lang='lat' dir='ltr'>Languida</span> <span class='ocrx_word' id='word_1_47' title='bbox 668 1583 749 1631; x_wconf 91' lang='lat' dir='ltr'><strong>non</strong></span> <span class='ocrx_word' id='word_1_48' title='bbox 765 1572 896 1628; x_wconf 86' lang='lat' dir='ltr'><strong>noster</strong></span> <span class='ocrx_word' id='word_1_49' title='bbox 911 1555 1060 1657; x_wconf 81' lang='lat' dir='ltr'><strong>peragit</strong></span> <span class='ocrx_word' id='word_1_50' title='bbox 1075 1554 1186 1630; x_wconf 87' lang='lat' dir='ltr'><strong>labor</strong></span> <span class='ocrx_word' id='word_1_51' title='bbox 1204 1559 1301 1648; x_wconf 84' lang='lat' dir='ltr'><strong>otia,</strong></span> <span class='ocrx_word' id='word_1_52' title='bbox 1318 1562 1490 1662; x_wconf 75' lang='lat' dir='ltr'><strong>quamvis</strong></span> 
     </span>
     <span class='ocr_line' id='line_1_9' title="bbox 452 1704 1376 1813; baseline 0.002 -31"><span class='ocrx_word' id='word_1_53' title='bbox 452 1712 647 1794; x_wconf 80' lang='lat' dir='ltr'><strong>Fortuna,</strong></span> <span class='ocrx_word' id='word_1_54' title='bbox 667 1724 711 1791; x_wconf 84' lang='lat' dir='ltr'><strong>ut</strong></span> <span class='ocrx_word' id='word_1_55' title='bbox 727 1732 809 1781; x_wconf 92' lang='lat' dir='ltr'><strong>mos</strong></span> <span class='ocrx_word' id='word_1_56' title='bbox 825 1721 881 1780; x_wconf 89' lang='lat' dir='ltr'><strong>est</strong></span> <span class='ocrx_word' id='word_1_57' title='bbox 897 1704 971 1792; x_wconf 88' lang='lat' dir='ltr'><strong>illi,</strong></span> <span class='ocrx_word' id='word_1_58' title='bbox 988 1733 1050 1789; x_wconf 87' lang='lat' dir='ltr'><strong>me</strong></span> <span class='ocrx_word' id='word_1_59' title='bbox 1063 1708 1220 1784; x_wconf 87' lang='lat' dir='ltr'><strong>adversa</strong></span> <span class='ocrx_word' id='word_1_60' title='bbox 1237 1709 1376 1813; x_wconf 84' lang='lat' dir='ltr'><strong>fatiget.</strong></span> 
     </span>
    </p>

    <p class='ocr_par' dir='ltr' id='par_1_6' title="bbox 448 1858 1523 2093">
     <span class='ocr_line' id='line_1_10' title="bbox 448 1858 1523 1960; baseline 0.001 -24"><span class='ocrx_word' id='word_1_61' title='bbox 448 1864 564 1949; x_wconf 83' lang='lat' dir='ltr'><strong>Nam,</strong></span> <span class='ocrx_word' id='word_1_62' title='bbox 580 1860 674 1941; x_wconf 82' lang='lat' dir='ltr'><strong>mihi</strong></span> <span class='ocrx_word' id='word_1_63' title='bbox 692 1888 781 1934; x_wconf 92' lang='lat' dir='ltr'><strong>cum</strong></span> <span class='ocrx_word' id='word_1_64' title='bbox 800 1860 944 1959; x_wconf 88' lang='lat' dir='ltr'><strong>magnis</strong></span> <span class='ocrx_word' id='word_1_65' title='bbox 961 1859 1100 1960; x_wconf 80' lang='lat' dir='ltr'><strong>opibus</strong></span> <span class='ocrx_word' id='word_1_66' title='bbox 1118 1861 1256 1935; x_wconf 91' lang='lat' dir='ltr'><strong>domus</strong></span> <span class='ocrx_word' id='word_1_67' title='bbox 1274 1858 1349 1934; x_wconf 84' lang='lat' dir='ltr'><strong>alta</strong></span> <span class='ocrx_word' id='word_1_68' title='bbox 1368 1860 1523 1947; x_wconf 85' lang='lat' dir='ltr'><strong>niteret,</strong></span> 
     </span>
     <span class='ocr_line' id='line_1_11' title="bbox 449 2008 1263 2093; baseline -0.001 -9"><span class='ocrx_word' id='word_1_69' title='bbox 449 2010 521 2085; x_wconf 90' lang='lat' dir='ltr'><strong>Cui</strong></span> <span class='ocrx_word' id='word_1_70' title='bbox 538 2010 694 2085; x_wconf 85' lang='lat' dir='ltr'><strong>fuerant</strong></span> <span class='ocrx_word' id='word_1_71' title='bbox 711 2008 801 2082; x_wconf 88' lang='lat' dir='ltr'><strong>flavi</strong></span> <span class='ocrx_word' id='word_1_72' title='bbox 822 2008 986 2082; x_wconf 82' lang='lat' dir='ltr'><strong>ditantes</strong></span> <span class='ocrx_word' id='word_1_73' title='bbox 1005 2008 1144 2082; x_wconf 86' lang='lat' dir='ltr'><strong>ordine</strong></span> <span class='ocrx_word' id='word_1_74' title='bbox 1165 2009 1263 2093; x_wconf 83' lang='lat' dir='ltr'><strong>sulci</strong></span> 
     </span>
    </p>

    <p class='ocr_par' dir='ltr' id='par_1_7' title="bbox 452 2154 1320 2250">
     <span class='ocr_line' id='line_1_12' title="bbox 452 2154 1320 2250; baseline -0.006 -9"><span class='ocrx_word' id='word_1_75' title='bbox 452 2162 621 2245; x_wconf 84' lang='lat' dir='ltr'><strong>Horrea,</strong></span> <span class='ocrx_word' id='word_1_76' title='bbox 642 2158 842 2232; x_wconf 83' lang='lat' dir='ltr'><strong>foecundas</strong></span> <span class='ocrx_word' id='word_1_77' title='bbox 864 2156 914 2230; x_wconf 88' lang='lat' dir='ltr'><strong>ad</strong></span> <span class='ocrx_word' id='word_1_78' title='bbox 931 2154 1148 2230; x_wconf 86' lang='lat' dir='ltr'><strong>deficientia</strong></span> <span class='ocrx_word' id='word_1_79' title='bbox 1165 2184 1320 2250; x_wconf 82' lang='lat' dir='ltr'><strong>messes,</strong></span> 
     </span>
    </p>

    <p class='ocr_par' dir='ltr' id='par_1_8' title="bbox 451 2306 1420 2415">
     <span class='ocr_line' id='line_1_13' title="bbox 451 2306 1420 2415; baseline -0.002 -27"><span class='ocrx_word' id='word_1_80' title='bbox 451 2314 605 2415; x_wconf 86' lang='lat' dir='ltr'><strong>Cuique</strong></span> <span class='ocrx_word' id='word_1_81' title='bbox 621 2335 741 2414; x_wconf 86' lang='lat' dir='ltr'><strong>pecus</strong></span> <span class='ocrx_word' id='word_1_82' title='bbox 760 2309 878 2383; x_wconf 88' lang='lat' dir='ltr'><strong>denso</strong></span> <span class='ocrx_word' id='word_1_83' title='bbox 892 2306 1103 2410; x_wconf 88' lang='lat' dir='ltr'><strong>pascebant</strong></span> <span class='ocrx_word' id='word_1_84' title='bbox 1117 2310 1267 2408; x_wconf 78' lang='lat' dir='ltr'><strong>agmine</strong></span> <span class='ocrx_word' id='word_1_85' title='bbox 1286 2308 1420 2401; x_wconf 75' lang='lat' dir='ltr'><strong>colles,</strong></span> 
     </span>
    </p>

    <p class='ocr_par' dir='ltr' id='par_1_9' title="bbox 457 2459 1438 2565">
     <span class='ocr_line' id='line_1_14' title="bbox 457 2459 1438 2565; baseline -0.005 -24"><span class='ocrx_word' id='word_1_86' title='bbox 457 2467 508 2541; x_wconf 87' lang='lat' dir='ltr'><strong>Et</strong></span> <span class='ocrx_word' id='word_1_87' title='bbox 526 2464 686 2540; x_wconf 91' lang='lat' dir='ltr'><strong>domino</strong></span> <span class='ocrx_word' id='word_1_88' title='bbox 700 2463 806 2547; x_wconf 87' lang='lat' dir='ltr'><strong>satis,</strong></span> <span class='ocrx_word' id='word_1_89' title='bbox 826 2475 865 2536; x_wconf 88' lang='lat' dir='ltr'><strong>et</strong></span> <span class='ocrx_word' id='word_1_90' title='bbox 878 2459 1043 2547; x_wconf 85' lang='lat' dir='ltr'><strong>nimium</strong></span> <span class='ocrx_word' id='word_1_91' title='bbox 1058 2459 1218 2564; x_wconf 81' lang='lat' dir='ltr'><strong>furique</strong></span> <span class='ocrx_word' id='word_1_92' title='bbox 1242 2463 1416 2565; x_wconf 87' lang='lat' dir='ltr'><strong>lupoque</strong></span> <span class='ocrx_word' id='word_1_93' title='bbox 1430 2495 1438 2536; x_wconf 93' lang='lat'>:</span> 
     </span>
    </p>

    <p class='ocr_par' dir='ltr' id='par_1_10' title="bbox 453 2614 1598 3301">
     <span class='ocr_line' id='line_1_15' title="bbox 453 2614 1449 2713; baseline -0.005 -20"><span class='ocrx_word' id='word_1_94' title='bbox 453 2621 490 2693; x_wconf 89' lang='lat' dir='ltr'>N</span> <span class='ocrx_word' id='word_1_95' title='bbox 493 2645 570 2692; x_wconf 90' lang='lat' dir='ltr'><strong>unc</strong></span> <span class='ocrx_word' id='word_1_96' title='bbox 588 2614 826 2689; x_wconf 88' lang='lat' dir='ltr'><strong>desiderium</strong></span> <span class='ocrx_word' id='word_1_97' title='bbox 842 2626 1031 2713; x_wconf 87' lang='lat' dir='ltr'><strong>superest;</strong></span> <span class='ocrx_word' id='word_1_98' title='bbox 1050 2637 1138 2686; x_wconf 88' lang='lat' dir='ltr'><strong>nam</strong></span> <span class='ocrx_word' id='word_1_99' title='bbox 1155 2638 1249 2705; x_wconf 89' lang='lat' dir='ltr'><strong>cura</strong></span> <span class='ocrx_word' id='word_1_100' title='bbox 1267 2630 1449 2703; x_wconf 82' lang='lat' dir='ltr'><strong>novatur,</strong></span> 
     </span>
     <span class='ocr_line' id='line_1_16' title="bbox 454 2761 1598 2865; baseline 0.001 -25"><span class='ocrx_word' id='word_1_101' title='bbox 454 2768 570 2852; x_wconf 87' lang='lat' dir='ltr'><strong>Cum,</strong></span> <span class='ocrx_word' id='word_1_102' title='bbox 586 2787 736 2836; x_wconf 90' lang='lat' dir='ltr'><strong>memor</strong></span> <span class='ocrx_word' id='word_1_103' title='bbox 751 2776 840 2836; x_wconf 88' lang='lat' dir='ltr'><strong>ante</strong></span> <span class='ocrx_word' id='word_1_104' title='bbox 853 2777 955 2835; x_wconf 80' lang='lat' dir='ltr'><strong>octos</strong></span> <span class='ocrx_word' id='word_1_105' title='bbox 968 2785 1120 2865; x_wconf 88' lang='lat' dir='ltr'><strong>semper</strong></span> <span class='ocrx_word' id='word_1_106' title='bbox 1137 2761 1251 2837; x_wconf 92' lang='lat' dir='ltr'><strong>dolor</strong></span> <span class='ocrx_word' id='word_1_107' title='bbox 1270 2763 1455 2852; x_wconf 81' lang='lat' dir='ltr'><strong>admonet</strong></span> <span class='ocrx_word' id='word_1_108' title='bbox 1469 2789 1598 2841; x_wconf 79' lang='lat' dir='ltr'><strong>anuos</strong></span> 
     </span>
     <span class='ocr_line' id='line_1_17' title="bbox 456 2910 1460 3017; baseline 0 -27"><span class='ocrx_word' id='word_1_109' title='bbox 456 2916 530 2990; x_wconf 90' lang='lat' dir='ltr'><strong>Sed</strong></span> <span class='ocrx_word' id='word_1_110' title='bbox 552 2914 644 2989; x_wconf 90' lang='lat' dir='ltr'><strong>licet</strong></span> <span class='ocrx_word' id='word_1_111' title='bbox 662 2913 856 3017; x_wconf 87' lang='lat' dir='ltr'><strong>asperiora</strong></span> <span class='ocrx_word' id='word_1_112' title='bbox 878 2910 1037 3003; x_wconf 80' lang='lat' dir='ltr'><strong>cadant,</strong></span> <span class='ocrx_word' id='word_1_113' title='bbox 1057 2912 1280 3017; x_wconf 79' lang='lat' dir='ltr'><strong>spolierque</strong></span> <span class='ocrx_word' id='word_1_114' title='bbox 1302 2915 1460 3006; x_wconf 87' lang='lat' dir='ltr'><strong>relictis,</strong></span> 
     </span>
     <span class='ocr_line' id='line_1_18' title="bbox 457 3065 1431 3152; baseline -0.006 -9"><span class='ocrx_word' id='word_1_115' title='bbox 457 3069 547 3143; x_wconf 84' lang='lat' dir='ltr'><strong>Non</strong></span> <span class='ocrx_word' id='word_1_116' title='bbox 567 3082 604 3136; x_wconf 92' lang='lat' dir='ltr'><strong>te</strong></span> <span class='ocrx_word' id='word_1_117' title='bbox 622 3065 806 3138; x_wconf 86' lang='lat' dir='ltr'><strong>deficient</strong></span> <span class='ocrx_word' id='word_1_118' title='bbox 822 3081 963 3151; x_wconf 82' lang='lat' dir='ltr'><strong>nostrae</strong></span> <span class='ocrx_word' id='word_1_119' title='bbox 984 3089 1196 3151; x_wconf 83' lang='lat' dir='ltr'><strong>memorare</strong></span> <span class='ocrx_word' id='word_1_120' title='bbox 1219 3065 1431 3152; x_wconf 75' lang='lat' dir='ltr'><strong>camoenae,</strong></span> 
     </span>
     <span class='ocr_line' id='line_1_19' title="bbox 457 3209 1365 3301; baseline -0.011 -9"><span class='ocrx_word' id='word_1_121' title='bbox 457 3221 540 3301; x_wconf 85' lang='lat' dir='ltr'><strong>Nec</strong></span> <span class='ocrx_word' id='word_1_122' title='bbox 559 3213 685 3291; x_wconf 89' lang='lat' dir='ltr'><strong>solum</strong></span> <span class='ocrx_word' id='word_1_123' title='bbox 704 3213 774 3295; x_wconf 87' lang='lat' dir='ltr'><strong>tibi</strong></span> <span class='ocrx_word' id='word_1_124' title='bbox 799 3210 913 3293; x_wconf 89' lang='lat' dir='ltr'><strong>Pierii</strong></span> <span class='ocrx_word' id='word_1_125' title='bbox 937 3209 1160 3284; x_wconf 88' lang='lat' dir='ltr'><strong>tribuentur</strong></span> <span class='ocrx_word' id='word_1_126' title='bbox 1178 3209 1365 3284; x_wconf 85' lang='lat' dir='ltr'><strong>honores:</strong></span> 
     </span>
    </p>

    <p class='ocr_par' dir='ltr' id='par_1_11' title="bbox 446 3328 1435 3617">
     <span class='ocr_line' id='line_1_20' title="bbox 458 3328 1435 3467; baseline -0.015 -20"><span class='ocrx_word' id='word_1_127' title='bbox 458 3376 532 3447; x_wconf 92' lang='lat' dir='ltr'><strong>Pro</strong></span> <span class='ocrx_word' id='word_1_128' title='bbox 553 3385 590 3463; x_wconf 86' lang='lat' dir='ltr'><strong>te</strong></span> <span class='ocrx_word' id='word_1_129' title='bbox 607 3364 670 3442; x_wconf 88' lang='lat' dir='ltr'><strong>vel</strong></span> <span class='ocrx_word' id='word_1_130' title='bbox 690 3328 840 3467; x_wconf 82' lang='lat' dir='ltr'><strong>rapidas</strong></span> <span class='ocrx_word' id='word_1_131' title='bbox 858 3361 980 3453; x_wconf 76' lang='lat' dir='ltr'><strong>ausim</strong></span> <span class='ocrx_word' id='word_1_132' title='bbox 999 3355 1112 3430; x_wconf 88' lang='lat' dir='ltr'><strong>maris</strong></span> <span class='ocrx_word' id='word_1_133' title='bbox 1128 3355 1184 3429; x_wconf 90' lang='lat' dir='ltr'><strong>ire</strong></span> <span class='ocrx_word' id='word_1_134' title='bbox 1202 3381 1275 3457; x_wconf 89' lang='lat' dir='ltr'><strong>per</strong></span> <span class='ocrx_word' id='word_1_135' title='bbox 1294 3357 1435 3448; x_wconf 77' lang='lat' dir='ltr'><strong>undas,</strong></span> 
     </span>
     <span class='ocr_line' id='line_1_21' title="bbox 446 3504 1394 3617; baseline -0.02 -16"><span class='ocrx_word' id='word_1_136' title='bbox 446 3521 638 3617; x_wconf 53' lang='lat' dir='ltr'><strong>‚Adversis</strong></span> <span class='ocrx_word' id='word_1_137' title='bbox 654 3517 818 3603; x_wconf 84' lang='lat' dir='ltr'><strong>hiberna</strong></span> <span class='ocrx_word' id='word_1_138' title='bbox 839 3513 932 3587; x_wconf 90' lang='lat' dir='ltr'><strong>licet</strong></span> <span class='ocrx_word' id='word_1_139' title='bbox 949 3524 1123 3599; x_wconf 84' lang='lat' dir='ltr'><strong>tumeant</strong></span> <span class='ocrx_word' id='word_1_140' title='bbox 1141 3504 1240 3582; x_wconf 85' lang='lat' dir='ltr'><strong>freta</strong></span> <span class='ocrx_word' id='word_1_141' title='bbox 1259 3509 1394 3599; x_wconf 80' lang='lat' dir='ltr'><strong>ventis.</strong></span> 
     </span>
    </p>

    <p class='ocr_par' dir='ltr' id='par_1_12' title="bbox 462 3659 1321 3758">
     <span class='ocr_line' id='line_1_22' title="bbox 462 3659 1321 3758; baseline -0.022 -8"><span class='ocrx_word' id='word_1_142' title='bbox 462 3679 537 3751; x_wconf 89' lang='lat' dir='ltr'><strong>Pro</strong></span> <span class='ocrx_word' id='word_1_143' title='bbox 558 3689 595 3748; x_wconf 93' lang='lat' dir='ltr'><strong>te</strong></span> <span class='ocrx_word' id='word_1_144' title='bbox 613 3669 675 3746; x_wconf 87' lang='lat' dir='ltr'><strong>vel</strong></span> <span class='ocrx_word' id='word_1_145' title='bbox 691 3668 794 3758; x_wconf 86' lang='lat' dir='ltr'><strong>solus</strong></span> <span class='ocrx_word' id='word_1_146' title='bbox 811 3662 937 3753; x_wconf 84' lang='lat' dir='ltr'><strong>densis</strong></span> <span class='ocrx_word' id='word_1_147' title='bbox 952 3659 1153 3753; x_wconf 72' lang='lat' dir='ltr'><strong>subsistere</strong></span> <span class='ocrx_word' id='word_1_148' title='bbox 1171 3659 1321 3753; x_wconf 78' lang='lat' dir='ltr'><strong>turmis,</strong></span> 
     </span>
    </p>

    <p class='ocr_par' dir='ltr' id='par_1_13' title="bbox 459 3808 1603 4074">
     <span class='ocr_line' id='line_1_23' title="bbox 459 3808 1504 3927; baseline -0.012 -27"><span class='ocrx_word' id='word_1_149' title='bbox 459 3822 535 3916; x_wconf 80' lang='lat' dir='ltr'><strong>Vel</strong></span> <span class='ocrx_word' id='word_1_150' title='bbox 552 3846 718 3927; x_wconf 84' lang='lat' dir='ltr'><strong>parvum</strong></span> <span class='ocrx_word' id='word_1_151' title='bbox 734 3820 891 3905; x_wconf 72' lang='lat' dir='ltr'><strong>AEtnaeae</strong></span> <span class='ocrx_word' id='word_1_152' title='bbox 908 3836 1050 3913; x_wconf 90' lang='lat' dir='ltr'><strong>corpus</strong></span> <span class='ocrx_word' id='word_1_153' title='bbox 1069 3809 1311 3901; x_wconf 84' lang='lat' dir='ltr'><strong>committere</strong></span> <span class='ocrx_word' id='word_1_154' title='bbox 1327 3808 1504 3887; x_wconf 84' lang='lat' dir='ltr'><strong>ssammae.</strong></span> 
     </span>
     <span class='ocr_line' id='line_1_24' title="bbox 459 3956 1603 4074; baseline -0.003 -34"><span class='ocrx_word' id='word_1_155' title='bbox 459 3975 550 4048; x_wconf 87' lang='lat' dir='ltr'><strong>Sum</strong></span> <span class='ocrx_word' id='word_1_156' title='bbox 568 3966 854 4074; x_wconf 86' lang='lat' dir='ltr'><strong>quodcunque,</strong></span> <span class='ocrx_word' id='word_1_157' title='bbox 878 3977 991 4043; x_wconf 86' lang='lat' dir='ltr'><strong>tuum</strong></span> <span class='ocrx_word' id='word_1_158' title='bbox 1009 3974 1064 4034; x_wconf 86' lang='lat' dir='ltr'><strong>est</strong></span> <span class='ocrx_word' id='word_1_159' title='bbox 1080 3985 1088 4029; x_wconf 76' lang='grc' dir='ltr'><strong>ε</strong></span> <span class='ocrx_word' id='word_1_160' title='bbox 1106 3956 1227 4034; x_wconf 90' lang='lat' dir='ltr'><strong>nostri</strong></span> <span class='ocrx_word' id='word_1_161' title='bbox 1243 3959 1291 4033; x_wconf 89' lang='lat' dir='ltr'><strong>sit</strong></span> <span class='ocrx_word' id='word_1_162' title='bbox 1309 3959 1472 4061; x_wconf 79' lang='lat' dir='ltr'><strong>parvula</strong></span> <span class='ocrx_word' id='word_1_163' title='bbox 1491 3987 1603 4056; x_wconf 88' lang='lat' dir='ltr'><strong>cura,</strong></span> 
     </span>
    </p>
   </div>
   <div class='ocr_carea' id='block_1_3' title="bbox 462 4107 1537 4221">
    <p class='ocr_par' dir='ltr' id='par_1_14' title="bbox 462 4107 1537 4221">
     <span class='ocr_line' id='line_1_25' title="bbox 462 4107 1537 4221; baseline -0.01 -25"><span class='ocrx_word' id='word_1_164' title='bbox 462 4123 519 4198; x_wconf 91' lang='lat' dir='ltr'><strong>Sit</strong></span> <span class='ocrx_word' id='word_1_165' title='bbox 535 4118 621 4205; x_wconf 89' lang='lat' dir='ltr'><strong>tibi,</strong></span> <span class='ocrx_word' id='word_1_166' title='bbox 641 4132 784 4220; x_wconf 88' lang='lat' dir='ltr'><strong>quanta</strong></span> <span class='ocrx_word' id='word_1_167' title='bbox 803 4113 918 4215; x_wconf 75' lang='lat' dir='ltr'><strong>liliet5</strong></span> <span class='ocrx_word' id='word_1_168' title='bbox 934 4111 964 4186; x_wconf 91' lang='lat' dir='ltr'><strong>si</strong></span> <span class='ocrx_word' id='word_1_169' title='bbox 982 4109 1030 4184; x_wconf 91' lang='lat' dir='ltr'><strong>sit</strong></span> <span class='ocrx_word' id='word_1_170' title='bbox 1047 4107 1164 4183; x_wconf 91' lang='lat' dir='ltr'><strong>modo</strong></span> <span class='ocrx_word' id='word_1_171' title='bbox 1182 4141 1189 4181; x_wconf 92' lang='lat'>:</span> <span class='ocrx_word' id='word_1_172' title='bbox 1204 4134 1286 4220; x_wconf 85' lang='lat' dir='ltr'><strong>non</strong></span> <span class='ocrx_word' id='word_1_173' title='bbox 1304 4108 1401 4221; x_wconf 87' lang='lat' dir='ltr'><strong>mihi</strong></span> <span class='ocrx_word' id='word_1_174' title='bbox 1420 4133 1537 4209; x_wconf 86' lang='lat' dir='ltr'><strong>regua</strong></span> 
     </span>
    </p>
   </div>
   <div class='ocr_carea' id='block_1_4' title="bbox 463 4220 1416 4377">
    <p class='ocr_par' dir='ltr' id='par_1_15' title="bbox 463 4220 1416 4377">
     <span class='ocr_line' id='line_1_26' title="bbox 463 4220 1416 4377; baseline -0.029 -26"><span class='ocrx_word' id='word_1_175' title='bbox 463 4269 608 4377; x_wconf 86' lang='lat' dir='ltr'><strong>Lydia,</strong></span> <span class='ocrx_word' id='word_1_176' title='bbox 632 4292 715 4342; x_wconf 92' lang='lat' dir='ltr'><strong>non</strong></span> <span class='ocrx_word' id='word_1_177' title='bbox 732 4262 860 4366; x_wconf 85' lang='lat' dir='ltr'><strong>magni</strong></span> <span class='ocrx_word' id='word_1_178' title='bbox 884 4260 1015 4362; x_wconf 88' lang='lat' dir='ltr'><strong>potior</strong></span> <span class='ocrx_word' id='word_1_179' title='bbox 1034 4259 1084 4334; x_wconf 87' lang='lat' dir='ltr'><strong>sit</strong></span> <span class='ocrx_word' id='word_1_180' title='bbox 1103 4256 1206 4332; x_wconf 80' lang='lat' dir='ltr'><strong>fama</strong></span> <span class='ocrx_word' id='word_1_181' title='bbox 1228 4220 1416 4360; x_wconf 79' lang='lat' dir='ltr'><strong>Gylippi3</strong></span> 
     </span>
    </p>
   </div>
   <div class='ocr_carea' id='block_1_5' title="bbox 465 4406 1407 4521">
    <p class='ocr_par' dir='ltr' id='par_1_16' title="bbox 465 4406 1407 4521">
     <span class='ocr_line' id='line_1_27' title="bbox 465 4406 1407 4521; baseline -0.016 -19"><span class='ocrx_word' id='word_1_182' title='bbox 465 4430 578 4521; x_wconf 74' lang='lat' dir='ltr'><strong>Posse</strong></span> <span class='ocrx_word' id='word_1_183' title='bbox 596 4419 780 4517; x_wconf 81' lang='lat' dir='ltr'><strong>Meleteas</strong></span> <span class='ocrx_word' id='word_1_184' title='bbox 801 4441 873 4517; x_wconf 79' lang='lat' dir='ltr'><strong>nec</strong></span> <span class='ocrx_word' id='word_1_185' title='bbox 895 4411 1052 4518; x_wconf 71' lang='lat' dir='ltr'><strong>mollem</strong></span> <span class='ocrx_word' id='word_1_186' title='bbox 1069 4410 1226 4513; x_wconf 69' lang='lat' dir='ltr'><strong>rincere</strong></span> <span class='ocrx_word' id='word_1_187' title='bbox 1249 4406 1407 4509; x_wconf 67' lang='lat' dir='ltr'><strong>chartas.</strong></span> 
     </span>
    </p>
   </div>
   <div class='ocr_carea' id='block_1_6' title="bbox 0 0 2098 5452">
    <p class='ocr_par' dir='ltr' id='par_1_17' title="bbox 0 0 2098 5452">
     <span class='ocr_line' id='line_1_28' title="bbox 0 0 2098 5452; baseline 0 0"><span class='ocrx_word' id='word_1_188' title='bbox 0 0 2098 5452; x_wconf 95' lang='lat' dir='ltr'><strong> </strong></span> 
     </span>
    </p>
   </div>
  </div>
 </body>
</html>
