4126 5452
889 533 1085 605 lirant
1111 528 1169 600 11.

303 760 309 769 .
370 748 373 753 -
434 681 603 780 'Aurea
624 720 716 777 tune
735 727 883 807 pressos
900 703 1065 807 pedibus
1091 703 1198 780 dedit
1223 729 1298 778 uva
1318 702 1503 804 liquores3
1620 689 1624 695 ’

525 857 719 958 Mistaque
740 882 877 932 securo
905 873 959 931 est
978 857 1107 933 sobria
1127 858 1285 962 lympha
1307 879 1426 931 mero.

348 1010 356 1044 ²
476 1005 579 1080 Rura
600 1005 733 1078 serunt
754 1031 907 1091 messes,
929 1005 1044 1077 calidi
1071 1036 1161 1082 cum
1179 1008 1313 1082 sideris
1340 1022 1435 1081 aestu

460 1191 464 1201 ·
526 1154 703 1258 Deponit
718 1155 834 1230 flavas
856 1182 983 1231 annua
1007 1174 1108 1231 terra
1131 1182 1264 1229 comas.

474 1294 578 1380 Rure
595 1306 688 1385 lev-is
708 1332 829 1382 verno
851 1306 970 1383 flores
983 1309 1066 1412 apis
1084 1306 1224 1405 ingerit
1242 1306 1372 1392 alveo,

522 1455 723 1559 Compleat
749 1474 794 1530 ut
815 1455 921 1531 dulci
943 1456 1075 1531 sedula
1103 1455 1217 1529 melle
1238 1454 1351 1528 savos.
1414 1436 1417 1443 ⁶
1529 1466 1532 1471 '

469 1606 649 1706 ‘Agricola
673 1605 823 1681 assiduo
846 1608 1020 1710 primum
1040 1608 1196 1682 satiatus
1215 1623 1345 1680 aratro

524 1755 700 1828 Cantavit
724 1772 830 1828 certo
852 1756 993 1828 rustica
1014 1758 1130 1827 verba
1151 1757 1277 1856 pede:

452 1904 523 1976 ‘Et
544 1922 649 1977 satur
669 1907 789 1977 arenti
812 1906 983 2006 primum
1004 1920 1059 1978 est
1079 1903 1298 1978 modulatus
1320 1927 1442 1976 arena

521 2053 702 2143 Carmen,
722 2050 767 2127 ut
789 2053 943 2128 ornatos
964 2053 1111 2129 diceret
1134 2073 1222 2132 ante
1243 2058 1356 2130 Deos.

469 2203 647 2305 'Agricola
668 2221 706 2279 ct
729 2205 849 2278 minio
863 2205 1042 2293 suffusus,
1070 2206 1241 2295 Bacche,
1264 2203 1421 2280 rubenti

518 2353 667 2426 Primus
687 2353 888 2455 inexperta
906 2353 1022 2428 duxit
1035 2355 1083 2428 ab
1104 2371 1185 2428 arte
1205 2353 1381 2428 choros:·¹
1494 2348 1497 2355 ’

472 2501 577 2576 Huic
598 2504 709 2578 datus
724 2530 746 2577 a
763 2505 882 2608 pleno
902 2502 1155 2578 memorabile
1178 2527 1319 2575 munus
1339 2498 1436 2574 ovili
1473 2544 1478 2553 =

524 2652 616 2723 Dux
638 2653 788 2752 pecoris
806 2654 959 2726 hircus:
977 2654 1141 2724 (luxerat
1156 2650 1289 2721 hircus
1306 2674 1405 2722 oves.

470 2798 579 2874 Rure
598 2825 697 2903 puer
714 2826 836 2875 verno
857 2803 1029 2904 primum
1051 2801 1099 2877 de
1122 2802 1220 2875 flore
1243 2822 1435 2874 coronam
1505 2824 1510 2833 ·

519 2950 646 3040 Fecit,
669 2968 708 3025 et
729 2953 899 3054 antiquis
917 2953 1100 3057 imposuit
1120 2951 1290 3023 Laribus.

470 3099 575 3172 Rure
598 3088 732 3188 etiam,
758 3104 898 3175 teucris
925 3129 1059 3175 curam
1079 3098 1299 3174 exhibitura
1322 3097 1483 3201 puellis,

525 3246 648 3322 Molle
668 3248 765 3349 gerit
787 3267 892 3350 tergo
918 3250 1048 3324 lucida
1072 3248 1192 3322 vellus
1211 3250 1298 3321 ovis.

470 3398 575 3473 Hinc
597 3416 636 3473 et
658 3401 849 3475 femineus
872 3401 983 3476 labor
1004 3417 1077 3488 est,
1099 3396 1194 3473 hinc
1215 3426 1333 3503 pensa
1363 3383 1569 3502 colusque,
1690 3414 1693 3419 '

523 3553 645 3627 Fusus
666 3570 703 3627 et
725 3557 904 3658 apposito
924 3556 1068 3657 pollice
1093 3570 1217 3629 verset
1243 3582 1350 3658 opus.

470 3702 601 3801 'Atque
619 3702 748 3802 aliqua
766 3706 913 3778 assidue
935 3706 1074 3779 textrix
1091 3721 1247 3806 operata
1266 3705 1456 3778 Minervae

523 3854 678 3939 Cantor,
703 3868 740 3926 et
758 3853 943 3954 applauso
966 3857 1040 3927 tela
1060 3871 1171 3926 sonat
1193 3857 1321 3928 latere.

473 4003 562 4101 lpse
585 4002 763 4103 interque
784 4029 913 4104 greges
936 4005 1117 4109 interque
1139 4024 1312 4082 armenta
1334 4005 1489 4110 Cupido

521 4148 558 4220 N
560 4165 644 4221 atus
665 4165 704 4221 et
722 4149 926 4224 indomitas
950 4153 1094 4230 dicitur
1113 4161 1214 4233 inter
1233 4159 1361 4260 equas.
1383 4158 1389 4177 '

475 4295 561 4373 Illic
578 4297 736 4372 indocto
761 4301 932 4402 primum
957 4331 995 4380 se
1019 4310 1193 4383 exercuit
1215 4335 1318 4381 arcu.

403 4471 406 4477 ’
524 4446 601 4529 Hei
621 4449 739 4542 mihi,
766 4478 884 4554 quam
904 4456 1031 4536 doctas
1055 4484 1163 4538 nuuc
1186 4458 1305 4535 habet
1321 4457 1389 4534 ille
1411 4459 1565 4537 manus!

1759 4475 1789 4526 ’.ὃ
