4126 5452
369 499 419 591 94
829 458 834 485 Ι
990 501 1236 578 Liuanll.

537 675 616 748 Aut
640 673 787 777 rapiam
805 699 990 779 suspensa
1008 679 1123 753 sacris
1145 677 1305 783 insignia
1323 678 1444 756 fanis=

583 827 656 900 Sed
672 825 805 903 Venus
819 845 908 904 ante
921 828 1014 904 alios
1030 849 1087 905 cst
1100 832 1281 909 violanda
1297 833 1404 907 mihi.

533 976 606 1052 Illa
623 977 770 1051 malum
788 938 937 1052 facinus
956 979 1108 1067 suadet,
1133 982 1410 1084 dominamque
1432 1002 1614 1087 rapacem

581 1133 663 1203 Dat
683 1127 800 1217 mihi3
819 1131 1017 1232 sacrilegas
1039 1132 1179 1204 sentiat
1196 1133 1262 1204 illa
1284 1124 1428 1207 manus.

498 1261 501 1266 Ι
535 1275 738 1383 Ope'reat,
763 1281 989 1383 quicunque
1013 1280 1103 1386 legit
1120 1280 1342 1384 viridesque
1361 1282 1595 1389 zmaragdos,

581 1433 632 1504 Et
652 1430 803 1506 niveam
822 1433 941 1535 Tyrio
960 1431 1111 1507 murice
1128 1432 1241 1535 tingit
1262 1439 1395 1510 oveml

529 1583 604 1657 Hic
626 1583 692 1658 dat
710 1546 878 1658 aeacidae
896 1609 1060 1674 caussas,
1084 1601 1123 1659 et
1139 1585 1234 1675 Coa,
1255 1586 1413 1689 puellis,

574 1738 717 1825 Vestis,
739 1757 779 1811 et
801 1765 822 1809 a
842 1737 962 1809 rubro
981 1736 1112 1809 lucida
1138 1736 1288 1808 concha
1304 1737 1411 1810 mari.

523 1886 619 1964 Haec
638 1888 766 1964 secere
784 1888 917 1981 malas3
934 1886 1028 1960 hinc
1049 1885 1195 1960 clavem
1212 1852 1330 1989 janua
1352 1886 1471 1961 sensit

570 2040 622 2114 Et
640 2038 759 2142 coepit
778 2053 905 2112 custos
927 2036 1069 2112 liminis
1092 2062 1170 2112 esse
1191 2038 1306 2112 canis.

376 2277 381 2286 ,
420 2242 423 2248 ·
525 2189 598 2267 Sed
621 2189 793 2294 pretium
815 2188 844 2263 si
865 2188 1010 2292 grande
1031 2187 1150 2282 feras,
1177 2191 1351 2266 custodia
1369 2190 1472 2266 victa
1496 2205 1569 2288 θεὶς
1660 2218 1668 2236 t

567 2343 649 2421 Nec
668 2342 883 2450 prohibent
901 2344 1045 2432 claves,
1066 2361 1106 2419 et
1123 2345 1227 2419 canis
1245 2345 1326 2449 ipse
1343 2361 1452 2421 tacet
1539 2448 1543 2457 Ι

481 2494 486 2501 ’
517 2500 606 2577 Heu
628 2501 857 2606 quicunque
876 2497 986 2573 dedit
1000 2496 1166 2571 formam
1183 2498 1352 2572 coelestis
1369 2525 1510 2589 avam,

568 2652 695 2749 Quale
715 2651 866 2723 bonum
886 2648 1016 2720 multis
1039 2647 1191 2718 addidit
1211 2647 1274 2718 ille
1295 2648 1428 2721 malisl

517 2800 620 2880 Hinc
639 2797 752 2874 fletus
773 2798 944 2898 rixaeque
965 2811 1104 2871 sonant
1118 2827 1125 2866 :
1139 2795 1224 2872 haec
1244 2796 1416 2900 denique
1441 2825 1570 2877 caussa

481 3027 484 3032 .
535 3027 536 3030 ,
564 2953 689 3046 Fecit,
711 2968 756 3029 ut
779 2952 928 3031 infamis
949 2951 1016 3026 hic
1037 2949 1144 3026 Deus
1165 2965 1262 3024 esset
1283 2953 1415 3024 Amor.

512 3108 563 3179 At
586 3104 675 3192 tibi,
696 3130 783 3205 quae
803 3068 931 3206 pretia
954 3102 1075 3178 victos
1103 3099 1275 3174 excludis
1294 3119 1478 3191 amantes,

562 3256 741 3363 Eripiunt
762 3273 890 3359 partas
909 3271 1046 3329 ventus
1070 3270 1110 3327 et
1130 3253 1224 3355 ignis
1245 3280 1347 3358 opes.

512 3411 620 3509 Quin
639 3426 704 3489 tua
722 3427 815 3484 tunc
835 3408 992 3509 juvenes
1010 3420 1185 3513 spectent
1206 3402 1389 3478 incendia
1406 3401 1499 3496 laeti,

558 3565 641 3642 Nec
667 3562 872 3668 quisquam
895 3558 1058 3633 flammae
1081 3556 1238 3631 sedulus
1264 3555 1381 3633 addat
1402 3584 1553 3661 aquam.

507 3714 583 3788 Scu
604 3711 734 3789 veniet
757 3711 827 3786 tibi
846 3737 948 3821 mars
966 3735 1119 3808 :neque
1140 3711 1189 3784 sit
1209 3711 1277 3819 qui
1298 3711 1445 3816 lugeat,
1465 3713 1589 3804 ullus,

554 3864 635 3940 Nec
656 3863 726 3971 qui
745 3860 812 3938 det
829 3876 983 3936 moestos
1006 3887 1144 3934 munus
1164 3861 1206 3934 in
1225 3864 1415 3963 exequias.

505 4015 557 4090 At
576 4010 679 4083 bo'na
702 4039 808 4113 quae,
835 4038 908 4086 nec
931 4038 1057 4100 avara,
1076 4009 1169 4101 fuit,
1188 4029 1345 4087 centum
1360 4013 1453 4087 licet
1469 4041 1590 4088 annos

551 4158 724 4244 Vixerit,
748 4155 949 4233 ardentem
966 4158 1125 4231 flebitur
1143 4182 1232 4232 ante
1256 4186 1401 4260 rogum
1440 4223 1446 4233 .

503 4317 631 4417 Atque
654 4309 791 4414 aliquis
809 4308 958 4399 senior,
984 4326 1130 4385 veteres
1152 4327 1356 4396 veneratus
1375 4337 1542 4407 amores,

553 4469 693 4546 Annua
716 4480 938 4541 constructo
957 4479 1056 4538 serta
1075 4464 1183 4543 dabit
1205 4464 1372 4553 tumulo,
