4126 5452
267 452 276 465 '
333 446 427 551 '⁵172
788 452 1077 531 ¹·'Sonr1'o1n
1103 441 1378 534 Erucium

276 650 289 676 0
345 602 1837 691 „ocentoevvemmmvieno-emundemutwsmmneommmmmm„

901 1078 1160 1222 bubum·
1189 1093 1285 1222 1³11.
1318 1076 1329 1083 ⁰
1361 1096 1380 1137 ¹⁷
1650 1138 1655 1145 ·

528 1444 670 1604 Hoc
690 1527 796 1616 ades,
818 1541 858 1601 et
875 1541 1017 1604 tenerae
1032 1534 1187 1610 morbos
1201 1532 1347 1638 expelle
1362 1534 1526 1638 puellae:

577 1678 668 1751 Huc
687 1678 792 1770 ades,
809 1681 976 1769 intonsa,
993 1683 1139 1759 Phoebe
1154 1686 1337 1789 superbe,
1359 1712 1478 1760 coma.

525 1807 654 1900 Ὀιέἀε
670 1829 782 1916 mihi,
801 1857 986 1933 propero,
1006 1859 1079 1905 nec
1101 1833 1250 1933 tejam,
1272 1834 1433 1924 Phoebe,
1453 1833 1604 1936 pigebit

546 1973 553 1986 ’
582 1977 774 2052 Formosae
788 1975 956 2054 medicas
971 1978 1200 2083 applicuisse
1217 2006 1362 2058 monus.

541 2128 675 2217 Effice,
697 2157 746 2206 ne
762 2130 901 2204 macies
915 2131 1101 2232 pallentes
1118 2149 1284 2234 occupet
1301 2149 1421 2220 artus,

582 2281 670 2355 Neu
687 2298 794 2356 notet
809 2281 983 2357 informis
997 2280 1162 2359 condida
1179 2281 1353 2355 membra
1369 2281 1488 2356 color.

535 2431 585 2505 Et
604 2432 871 2535 quodcunque
889 2433 978 2507 moli
996 2449 1069 2525 est,
1087 2451 1126 2509 et
1143 2432 1334 2536 quicquid
1351 2433 1456 2508 triste
1475 2432 1673 2522 timemus,

581 2584 628 2653 ln
644 2583 801 2684 pelagus
818 2583 962 2684 rapidis
983 2583 1147 2658 devehat
1166 2583 1285 2657 amnis
1304 2581 1427 2685 aquis.

531 2726 684 2815 Sancte,
705 2729 812 2816 seni,
831 2745 1037 2832 tecumque
1055 2728 1171 2822 feras,
1192 2732 1419 2835 quicunque
1437 2756 1623 2833 sopores,

584 2875 825 2983 Quicunque
842 2898 882 2956 et
901 2898 1034 2959 centus
1051 2909 1220 2985 corporo
1240 2882 1336 2957 sesso
1352 2880 1488 2956 levent

512 3050 514 3054 “
533 3030 620 3105 Neu
636 3032 819 3131 juvenem
837 3051 991 3135 torque,
1010 3034 1148 3109 metuit
1168 3033 1236 3133 qui
1255 3032 1331 3103 fata
1353 3004 1515 3132 puellae,

584 3182 764 3283 Votaque
781 3207 853 3285 pro
872 3183 1028 3256 domina
1043 3183 1106 3256 vix
1124 3178 1365 3254 numeranda
1379 3178 1481 3252 socit.

536 3329 742 3405 Interdum
760 3345 893 3418 vovet,
912 3331 1131 3415 interdum,
1152 3326 1260 3428 quod
1281 3325 1460 3428 langueat
1480 3324 1568 3414 itta,

584 3472 695 3555 Dicit
709 3479 749 3553 in
767 3496 933 3555 aeternos
947 3508 1079 3585 aspera
1096 3479 1211 3569 verba
1231 3479 1346 3552 Deos.

547 3680 564 3715 α
595 3632 700 3704 Pone
716 3645 882 3722 metum,
898 3630 1105 3706 Cerintho:
1126 3629 1231 3702 Deus
1251 3651 1331 3699 non
1348 3626 1453 3700 laedit
1471 3643 1647 3705 amantes

498 3758 503 3765 .
559 3852 565 3861 ,
588 3780 649 3851 Tu
665 3779 783 3853 modo
799 3805 950 3882 semper
967 3804 1072 3851 ama:
1092 3776 1191 3851 solva
1212 3777 1341 3879 puello
1359 3775 1427 3849 tibi
1444 3795 1509 3852 est.

486 4006 489 4011 .
539 3929 602 4004 Nil
620 3955 718 4033 opus
733 3945 790 4005 est
801 3927 907 4004 fletu.
924 3927 1119 4031 Lacrymis
1135 3925 1208 4001 erit
1221 3927 1348 4030 aptius
1365 3925 1440 4017 uti,

591 4079 805 4179 Siquando
819 4080 939 4154 suerit
956 4080 1102 4154 tristior
1116 4079 1181 4152 illa
1199 4080 1275 4152 tibi.

537 4228 587 4303 At
605 4251 711 4300 nunc
729 4241 806 4299 tota
823 4242 887 4300 tua
902 4242 957 4300 est
972 4256 980 4300 :
999 4243 1035 4300 te
1051 4226 1175 4302 solum
1194 4225 1356 4301 candida
1372 4252 1504 4304 seeum

593 4379 755 4484 Cogitat,
776 4395 813 4454 et
831 4378 973 4455 frustra
992 4376 1150 4455 credula
1167 4379 1279 4454 turba
1295 4380 1402 4456 sedet
1429 4411 1459 4452 r.
