4126 5452
354 486 423 568 19⁰
594 467 754 550 ‘Ovrnrr
781 473 950 550 leorut
977 496 1029 549 nn
1054 474 1199 552 Monrn
1221 474 1392 552 Tllcnm'
1416 478 1579 556 Emere.

341 648 1837 699 mame*
1684 651 1692 658 ’”
1772 651 1774 655 ‘

692 863 745 1010 Ρ.
791 905 1085 1014 ovrnu
1128 908 1496 1022 leours

619 1211 865 1296 ELEGlA
906 1213 991 1305 DE
1020 1213 1248 1354 MORTE
1275 1216 1568 1301 TlBULLl.

516 1451 672 1615 Mau
682 1554 707 1605 rt
717 1555 806 1607 orl
822 1530 853 1607 si
867 1547 1005 1620 mater,
1020 1547 1146 1606 mater
1161 1529 1332 1636 ploravit
1345 1527 1558 1618 Achillem,

565 1686 617 1759 Et
630 1699 792 1785 tangunt
803 1708 955 1786 magnes
970 1681 1089 1758 tristia
1101 1682 1180 1757 fate
1191 1682 1311 1772 Dcas,

517 1834 673 1909 Flebilis
687 1797 880 1937 indignos,
900 1833 1068 1936 Elegeia,
1082 1832 1187 1908 solve
1203 1833 1379 1937 capill0s3

563 1974 626 2056 lh
639 1980 752 2056 nimis
766 2007 813 2055 ex
826 2005 920 2057 vero
934 2009 1041 2056 nunc
1057 1981 1124 2055 tibi
1138 2008 1284 2059 nomen
1297 1982 1379 2056 erit.

512 2130 584 2208 Ille
599 2132 655 2208 tui
667 2147 771 2223 vates
785 2131 931 2237 operis,
949 2147 1016 2207 tua
1028 2130 1128 2207 lama
1141 2131 1320 2207 Tibullus

564 2283 687 2359 Ardet
699 2282 741 2359 in
754 2298 969 2376 exstructo,
981 2244 1121 2388 corpus
1135 2281 1270 2374 inane,
1284 2307 1387 2385 rogo.

511 2439 626 2527 Ecce,
641 2464 742 2543 puer
755 2437 921 2513 Veneris
935 2434 1010 2511 fert
1023 2461 1273 2538 eversamque
1288 2433 1526 2539 pharetram,

558 2592 608 2662 Et
620 2589 764 2666 fractos
778 2615 907 2679 arcus,
921 2603 958 2662 et
969 2585 1051 2664 sine
1064 2588 1152 2665 luce
1163 2589 1295 2665 facem.

513 2741 670 2843 Aspice,
683 2740 854 2817 demissis
867 2756 912 2817 ut
926 2755 988 2826 eat
1000 2727 1227 2817 miserabilis
1241 2740 1309 2817 elis
1317 2773 1329 2836 5

561 2892 802 2993 Pectoraque
817 2889 953 2966 infesta
966 2890 1104 2965 tundat
1116 2906 1251 2998 aperte
1263 2916 1393 2967 manu.

511 3041 725 3145 Excipiunt
736 3043 923 3146 lacrymas
939 3043 1059 3147 sparsi
1074 3065 1147 3144 per
1163 3041 1262 3116 colle
1277 3039 1426 3142 capilli,
1471 3076 1475 3083 ’

555 3191 714 3293 Oraque
727 3192 898 3293 singultu
914 3193 1163 3266 concutiente
1176 3208 1322 3265 sonant
1480 3163 1484 3170 ι

510 3318 654 3465 Eretria?
668 3340 859 3417 umnec
875 3338 930 3413 sie
948 3337 1062 3413 inum
1077 3338 1218 3414 funere
1235 3339 1372 3416 dicun

555 3490 760 3593 Egressum
778 3489 901 3577 tectis,
920 3488 1087 3592 pulcher
1107 3489 1209 3579 Iule,
1225 3489 1310 3564 tuis.
1821 3594 1836 3603 .

502 3645 585 3718 Nec
601 3642 729 3718 minus
744 3658 802 3718 est
820 3627 979 3718 confuse
997 3643 1150 3734 Venus,
1164 3641 1355 3719 moriente
1371 3641 1546 3732 Tibullo,
1801 3614 1828 3691 ¹⁸

556 3799 682 3892 Quam
703 3793 836 3897 juveni
851 3793 960 3898 rupit
976 3821 1066 3869 cum
1079 3792 1184 3875 ferus
1199 3792 1340 3896 inguen
1355 3817 1459 3896 aper.

506 3949 557 4018 At
572 3945 668 4018 sacri
682 3958 803 4032 vates,
822 3960 861 4023 et
878 3942 1025 4019 Divum
1047 3970 1141 4019 cura
1163 3968 1370 4019 vocamur:

555 4093 654 4167 Sunt
671 4091 789 4196 etiam
806 4091 876 4193 qui
896 4118 965 4167 nos
980 4118 1127 4180 numen
1144 4095 1290 4170 habere
1303 4112 1457 4199 putent.

502 4241 655 4318 Scilicet
673 4244 788 4314 omne
809 4212 961 4315 sacrum
976 4266 1079 4316 mors
1099 4246 1325 4348 importuna
1342 4245 1540 4345 profanat3

479 4377 482 4380 ⁹
553 4393 746 4470 Omnibus
764 4393 945 4467 obscuras
963 4392 1090 4495 injicit
1110 4396 1175 4471 illa
1190 4421 1332 4471 manus
