4126 5452
911 510 1138 620 Lsisnl.

452 715 507 794 Te
519 730 706 822 spectem,
722 736 904 823 suprema
920 714 1017 791 mihi
1032 742 1123 794 cum
1136 716 1288 796 venerit
1303 717 1423 818 hora,·

502 868 556 941 Te
569 867 899 944 teneam'moriens
916 867 1121 947 deficiente
1136 898 1266 949 manu.

451 1015 579 1095 Flebis
600 1033 640 1093 et
655 1042 789 1093 arsuro
803 1019 973 1125 positum
988 1045 1072 1109 me,
1093 987 1225 1110 Delia,
1246 1016 1365 1113 lecta,

490 1165 681 1241 Tristibus
703 1184 742 1242 et
758 1166 924 1244 lacrimis
944 1168 1077 1245 oscula
1092 1170 1356 1261 mixtadabis,

449 1300 576 1393 Flebis
587 1349 598 1410 3
611 1344 691 1395 non
704 1335 770 1395 tua
787 1335 878 1396 sunt
893 1320 994 1396 duro
1011 1319 1227 1426 praecordia
1240 1320 1344 1397 ferro

499 1467 655 1562 Vincta,
674 1470 803 1546 necin
818 1486 952 1547 tenero
969 1488 1044 1549 stat
1060 1469 1130 1546 tihi
1147 1469 1267 1548 corde
1280 1432 1384 1548 silet

448 1621 522 1696 Illo
541 1646 621 1695 non
633 1622 784 1725 juvenis
800 1625 946 1727 poterit
962 1624 1012 1700 de
1029 1622 1170 1699 funere
1187 1622 1394 1726 quisquam
1494 1652 1496 1657 ·

493 1772 673 1861 Lumina,
690 1799 770 1848 non
788 1775 907 1876 virgo,
919 1774 1018 1847 sicca
1033 1766 1181 1845 referre
1196 1770 1366 1846 domum

443 1923 505 1998 Tu
521 1949 651 2000 manes
666 1950 715 1998 ne
734 1923 830 1999 laede
846 1948 974 1998 meos:
991 1924 1059 1999 sed
1075 1950 1193 2028 parce
1207 1921 1341 1998 solutis

496 2074 690 2163 Grinihus,
707 2091 745 2149 et
757 2075 916 2164 teneris,
929 2075 1063 2166 Delia,
1078 2102 1196 2181 parce
1214 2075 1329 2179 genis.

445 2227 612 2318 Interea,
636 2226 730 2303 dum
741 2228 824 2303 fata
841 2229 992 2317 sinunt,
1013 2226 1215 2331 jungamus
1231 2252 1397 2330 amores3
1482 2254 1485 2259 ·

493 2382 581 2458 Jem
596 2381 727 2458 veniet
743 2382 910 2458 tenebris
927 2406 1030 2456 mors
1045 2378 1233 2482 adoperta
1247 2394 1374 2481 caput

439 2532 528 2608 Jam
543 2533 728 2637 subrepet
744 2535 846 2609 iners
868 2549 977 2621 aetas,
999 2559 1073 2607 nec
1092 2556 1221 2605 amare
1237 2530 1404 2622 decebit,
1531 2572 1534 2576 ·

490 2677 633 2751 Dicere
648 2703 720 2751 nec
738 2701 835 2750 cano
854 2676 1059 2751 blanditias
1077 2678 1213 2782 capite.
1316 2646 1319 2651 Ι

440 2825 554 2901 Nunc
573 2822 665 2901 leiis
679 2843 734 2901 est
753 2824 949 2901 tractanda
971 2825 1122 2916 Venus,
1136 2827 1232 2904 dum
1248 2827 1424 2934 frangere
1442 2845 1569 2934 postes

496 2980 534 3055 Ν
535 3003 587 3053 on
601 2977 741 3083 pudes,
761 2992 799 3054 et
816 2977 915 3054 rixas
932 2977 1133 3056 inseruisse
1146 2978 1261 3083 juvat,

442 3129 519 3204 Hic
538 3153 608 3225 ego
631 3127 730 3216 dux,
748 3127 937 3230 milesque
958 3128 1108 3225 bonus;
1127 3155 1193 3206 vos
1215 3130 1319 3236 signa
1339 3132 1541 3238 tubaeque,

470 3282 547 3354 'Ite
558 3280 717 3383 procul,
732 3278 883 3380 cupidis
904 3278 1066 3355 vulnera
1082 3276 1181 3352 ferte
1194 3250 1303 3352 viris:

441 3433 558 3508 Ferte
571 3450 611 3508 et
627 3457 738 3541 opes3
760 3459 830 3539 ego
852 3433 1065 3538 composito
1084 3455 1242 3506 securus
1264 3456 1403 3507 acervo
1502 3520 1505 3525 ¹

487 3582 710 3686 Despiciam
731 3584 850 3675 dites,
871 3584 1159 3694 despiciamque
1175 3583 1327 3662 famem.

658 3858 704 3925 0
